[
  {
    "run_id": "ORCL_1777518998",
    "symbol": "ORCL",
    "sim_start_date": "",
    "sim_end_date": "",
    "launched_at": "",
    "finished_at": "2026-04-30 03:16",
    "pnl": 112.63,
    "pnl_gross": 183.86,
    "trades": 14,
    "win_rate": 57.14,
    "mode": "SIMULATED",
    "mastery_score": 78.0,
    "mastery_status": "APRENDIENDO",
    "recommended_cash": 548.83,
    "actual_profit_factor": 3.36,
    "actual_max_drawdown": 19.53,
    "mastery_checklist": [
      "📦 Muestras: 14/50 trades"
    ],
    "expectancy": 8.04,
    "efficiency": 61.3,
    "stability_score": 9.2,
    "equity_history": [
      0.0,
      25.55,
      41.59,
      55.89,
      117.98,
      138.74,
      161.06,
      176.83
    ],
    "trade_log": [
      {
        "t": "2026-02-24 18:20:00+00:00",
        "s": "BUY",
        "p": 145.4,
        "q": 3.4388,
        "r": 0.0,
        "m": "Technical Indicators"
      },
      {
        "t": "2026-02-25 14:50:00+00:00",
        "s": "SELL",
        "p": 150.971,
        "q": 3.4388,
        "r": 19.16,
        "m": "🎯 TAKE_PROFIT alcanzado ($150.99 ≥ $149.76) PnL=+19.23"
      },
      {
        "t": "2026-02-26 14:40:00+00:00",
        "s": "BUY",
        "p": 149.452,
        "q": 3.2442,
        "r": 0.0,
        "m": "Technical Indicators"
      },
      {
        "t": "2026-02-26 15:15:00+00:00",
        "s": "SELL",
        "p": 147.9045,
        "q": 3.2442,
        "r": -5.02,
        "m": "🔒 TRAILING_STOP alcanzado ($147.90 ≤ $149.26) PnL=-5.02"
      },
      {
        "t": "2026-02-26 20:15:00+00:00",
        "s": "BUY",
        "p": 149.497,
        "q": 3.3445,
        "r": 0.0,
        "m": "Technical Indicators"
      },
      {
        "t": "2026-02-27 14:30:00+00:00",
        "s": "SELL",
        "p": 144.0065,
        "q": 3.3445,
        "r": -18.36,
        "m": "🛑 STOP_LOSS alcanzado ($144.01 ≤ $147.25) PnL=-18.36"
      },
      {
        "t": "2026-03-03 19:10:00+00:00",
        "s": "BUY",
        "p": 149.814,
        "q": 3.3375,
        "r": 0.0,
        "m": "Technical Indicators"
      },
      {
        "t": "2026-03-05 14:30:00+00:00",
        "s": "SELL",
        "p": 154.883,
        "q": 3.3375,
        "r": 16.92,
        "m": "🎯 TAKE_PROFIT alcanzado ($154.90 ≥ $154.31) PnL=+16.98"
      },
      {
        "t": "2026-03-23 17:35:00+00:00",
        "s": "BUY",
        "p": 153.514,
        "q": 3.257,
        "r": 0.0,
        "m": "Technical Indicators"
      },
      {
        "t": "2026-03-24 13:35:00+00:00",
        "s": "SELL",
        "p": 150.279,
        "q": 3.257,
        "r": -10.54,
        "m": "🛑 STOP_LOSS alcanzado ($150.28 ≤ $151.21) PnL=-10.54"
      },
      {
        "t": "2026-03-31 16:00:00+00:00",
        "s": "BUY",
        "p": 142.278,
        "q": 3.5142,
        "r": 0.0,
        "m": "Technical Indicators"
      },
      {
        "t": "2026-03-31 18:35:00+00:00",
        "s": "SELL",
        "p": 146.599,
        "q": 3.5142,
        "r": 15.18,
        "m": "🎯 TAKE_PROFIT alcanzado ($146.62 ≥ $146.55) PnL=+15.26"
      },
      {
        "t": "2026-03-31 19:40:00+00:00",
        "s": "BUY",
        "p": 147.033,
        "q": 3.4006,
        "r": 0.0,
        "m": "Technical Indicators"
      },
      {
        "t": "2026-04-01 13:45:00+00:00",
        "s": "SELL",
        "p": 146.208,
        "q": 3.4006,
        "r": -2.81,
        "m": "🔒 TRAILING_STOP alcanzado ($146.21 ≤ $146.44) PnL=-2.81"
      },
      {
        "t": "2026-04-06 13:40:00+00:00",
        "s": "BUY",
        "p": 146.2115,
        "q": 3.4197,
        "r": 0.0,
        "m": "Technical Indicators"
      },
      {
        "t": "2026-04-06 14:35:00+00:00",
        "s": "SELL",
        "p": 143.9875,
        "q": 3.4197,
        "r": -7.61,
        "m": "🛑 STOP_LOSS alcanzado ($143.99 ≤ $144.02) PnL=-7.61"
      },
      {
        "t": "2026-04-13 18:25:00+00:00",
        "s": "BUY",
        "p": 153.7915,
        "q": 3.2512,
        "r": 0.0,
        "m": "Technical Indicators"
      },
      {
        "t": "2026-04-14 13:30:00+00:00",
        "s": "SELL",
        "p": 165.5835,
        "q": 3.2512,
        "r": 38.34,
        "m": "🎯 TAKE_PROFIT alcanzado ($165.60 ≥ $158.41) PnL=+38.40"
      },
      {
        "t": "2026-04-14 15:30:00+00:00",
        "s": "BUY",
        "p": 162.9205,
        "q": 3.069,
        "r": 0.0,
        "m": "Technical Indicators"
      },
      {
        "t": "2026-04-15 13:30:00+00:00",
        "s": "SELL",
        "p": 169.9705,
        "q": 3.069,
        "r": 21.64,
        "m": "🎯 TAKE_PROFIT alcanzado ($169.99 ≥ $167.81) PnL=+21.70"
      },
      {
        "t": "2026-04-15 15:55:00+00:00",
        "s": "BUY",
        "p": 170.964,
        "q": 2.9246,
        "r": 0.0,
        "m": "Technical Indicators"
      },
      {
        "t": "2026-04-15 16:50:00+00:00",
        "s": "SELL",
        "p": 168.274,
        "q": 2.9246,
        "r": -7.87,
        "m": "🛑 STOP_LOSS alcanzado ($168.27 ≤ $168.40) PnL=-7.87"
      },
      {
        "t": "2026-04-15 16:55:00+00:00",
        "s": "BUY",
        "p": 168.5155,
        "q": 2.9671,
        "r": 0.0,
        "m": "Technical Indicators"
      },
      {
        "t": "2026-04-16 13:30:00+00:00",
        "s": "SELL",
        "p": 176.335,
        "q": 2.9671,
        "r": 23.2,
        "m": "🎯 TAKE_PROFIT alcanzado ($176.35 ≥ $173.57) PnL=+23.26"
      },
      {
        "t": "2026-04-16 14:40:00+00:00",
        "s": "BUY",
        "p": 174.769,
        "q": 2.8609,
        "r": 0.0,
        "m": "Technical Indicators"
      },
      {
        "t": "2026-04-17 13:30:00+00:00",
        "s": "SELL",
        "p": 180.588,
        "q": 2.8609,
        "r": 16.65,
        "m": "🎯 TAKE_PROFIT alcanzado ($180.61 ≥ $180.01) PnL=+16.70"
      },
      {
        "t": "2026-04-17 17:00:00+00:00",
        "s": "BUY",
        "p": 178.3085,
        "q": 2.8041,
        "r": 0.0,
        "m": "Technical Indicators"
      },
      {
        "t": "2026-04-17 17:45:00+00:00",
        "s": "SELL",
        "p": 175.595,
        "q": 2.8041,
        "r": -7.61,
        "m": "🛑 STOP_LOSS alcanzado ($175.59 ≤ $175.63) PnL=-7.61"
      }
    ],
    "stage": "TRAINING",
    "freeze_learning": false
  },
  {
    "run_id": "ORCL_1777518997",
    "symbol": "ORCL",
    "sim_start_date": "",
    "sim_end_date": "",
    "launched_at": "",
    "finished_at": "2026-04-30 03:16",
    "pnl": 118.28,
    "pnl_gross": 183.86,
    "trades": 14,
    "win_rate": 57.14,
    "mode": "SIMULATED",
    "mastery_score": 78.0,
    "mastery_status": "APRENDIENDO",
    "recommended_cash": 548.83,
    "actual_profit_factor": 3.36,
    "actual_max_drawdown": 19.53,
    "mastery_checklist": [
      "📦 Muestras: 14/50 trades"
    ],
    "expectancy": 8.45,
    "efficiency": 64.3,
    "stability_score": 9.2,
    "equity_history": [
      0.0,
      25.55,
      41.59,
      55.89,
      117.98,
      138.74,
      161.06,
      176.83
    ],
    "trade_log": [],
    "stage": "TRAINING",
    "freeze_learning": false
  },
  {
    "run_id": "QCOM_1777518911",
    "symbol": "QCOM",
    "sim_start_date": "",
    "sim_end_date": "",
    "launched_at": "",
    "finished_at": "2026-04-30 03:15",
    "pnl": 12.56,
    "pnl_gross": 35.24,
    "trades": 6,
    "win_rate": 50.0,
    "mode": "SIMULATED",
    "mastery_score": 73.2,
    "mastery_status": "APRENDIENDO",
    "recommended_cash": 544.5,
    "actual_profit_factor": 2.35,
    "actual_max_drawdown": 17.8,
    "mastery_checklist": [
      "📦 Muestras: 6/50 trades"
    ],
    "expectancy": 2.09,
    "efficiency": 35.6,
    "stability_score": 2.8,
    "equity_history": [
      0.0,
      4.49,
      18.55,
      32.61
    ],
    "trade_log": [
      {
        "t": "2026-03-25 15:20:00+00:00",
        "s": "BUY",
        "p": 131.1765,
        "q": 3.8117,
        "r": 0.0,
        "m": "Technical Indicators"
      },
      {
        "t": "2026-03-26 13:30:00+00:00",
        "s": "SELL",
        "p": 128.945,
        "q": 3.8117,
        "r": -8.51,
        "m": "🛑 STOP_LOSS alcanzado ($128.94 ≤ $129.21) PnL=-8.51"
      },
      {
        "t": "2026-03-26 13:45:00+00:00",
        "s": "BUY",
        "p": 130.224,
        "q": 3.8395,
        "r": 0.0,
        "m": "Technical Indicators"
      },
      {
        "t": "2026-03-27 13:30:00+00:00",
        "s": "SELL",
        "p": 129.2185,
        "q": 3.8395,
        "r": -3.86,
        "m": "🔒 TRAILING_STOP alcanzado ($129.22 ≤ $130.27) PnL=-3.86"
      },
      {
        "t": "2026-03-31 18:25:00+00:00",
        "s": "BUY",
        "p": 128.38,
        "q": 3.8947,
        "r": 0.0,
        "m": "Technical Indicators"
      },
      {
        "t": "2026-04-01 18:15:00+00:00",
        "s": "SELL",
        "p": 127.707,
        "q": 3.8947,
        "r": -2.62,
        "m": "🔒 TRAILING_STOP alcanzado ($127.71 ≤ $128.02) PnL=-2.62"
      },
      {
        "t": "2026-04-08 14:45:00+00:00",
        "s": "BUY",
        "p": 127.077,
        "q": 3.9346,
        "r": 0.0,
        "m": "Technical Indicators"
      },
      {
        "t": "2026-04-10 17:25:00+00:00",
        "s": "SELL",
        "p": 128.44,
        "q": 3.9346,
        "r": 5.36,
        "m": "🔒 TRAILING_STOP alcanzado ($128.44 ≤ $128.51) PnL=+5.36"
      },
      {
        "t": "2026-04-13 18:00:00+00:00",
        "s": "BUY",
        "p": 129.6605,
        "q": 3.8562,
        "r": 0.0,
        "m": "Technical Indicators"
      },
      {
        "t": "2026-04-15 14:05:00+00:00",
        "s": "SELL",
        "p": 133.535,
        "q": 3.8562,
        "r": 14.94,
        "m": "🎯 TAKE_PROFIT alcanzado ($133.56 ≥ $133.55) PnL=+15.02"
      },
      {
        "t": "2026-04-15 14:50:00+00:00",
        "s": "BUY",
        "p": 133.559,
        "q": 3.7437,
        "r": 0.0,
        "m": "Technical Indicators"
      },
      {
        "t": "2026-04-20 14:40:00+00:00",
        "s": "SELL",
        "p": 137.55,
        "q": 3.7437,
        "r": 14.94,
        "m": "🎯 TAKE_PROFIT alcanzado ($137.57 ≥ $137.57) PnL=+15.02"
      },
      {
        "t": "2026-04-20 15:10:00+00:00",
        "s": "BUY",
        "p": 137.56,
        "q": 2.7035,
        "r": 0.0,
        "m": "Technical Indicators"
      },
      {
        "t": "2026-04-21 15:10:00+00:00",
        "s": "SELL",
        "p": 136.7285,
        "q": 2.7035,
        "r": -2.25,
        "m": "SIMULATION_END"
      }
    ],
    "stage": "TRAINING",
    "freeze_learning": false
  },
  {
    "run_id": "QCOM_1777518911",
    "symbol": "QCOM",
    "sim_start_date": "",
    "sim_end_date": "",
    "launched_at": "",
    "finished_at": "2026-04-30 03:15",
    "pnl": 15.33,
    "pnl_gross": 35.24,
    "trades": 6,
    "win_rate": 50.0,
    "mode": "SIMULATED",
    "mastery_score": 73.2,
    "mastery_status": "APRENDIENDO",
    "recommended_cash": 544.5,
    "actual_profit_factor": 2.35,
    "actual_max_drawdown": 17.8,
    "mastery_checklist": [
      "📦 Muestras: 6/50 trades"
    ],
    "expectancy": 2.56,
    "efficiency": 43.5,
    "stability_score": 2.8,
    "equity_history": [
      0.0,
      4.49,
      18.55
    ],
    "trade_log": [],
    "stage": "TRAINING",
    "freeze_learning": false
  },
  {
    "run_id": "GILD_1777518726",
    "symbol": "GILD",
    "sim_start_date": "",
    "sim_end_date": "",
    "launched_at": "",
    "finished_at": "2026-04-30 03:12",
    "pnl": 77.33,
    "pnl_gross": 138.14,
    "trades": 19,
    "win_rate": 63.16,
    "mode": "SIMULATED",
    "mastery_score": 81.1,
    "mastery_status": "APRENDIENDO",
    "recommended_cash": 542.02,
    "actual_profit_factor": 3.57,
    "actual_max_drawdown": 16.81,
    "mastery_checklist": [
      "📦 Muestras: 19/50 trades"
    ],
    "expectancy": 4.07,
    "efficiency": 56.0,
    "stability_score": 13.3,
    "equity_history": [
      0.0,
      3.37,
      17.61,
      45.63,
      66.61,
      69.52,
      80.85,
      98.03,
      124.47,
      127.76
    ],
    "trade_log": [
      {
        "t": "2024-12-10 17:10:00+00:00",
        "s": "BUY",
        "p": 91.955,
        "q": 5.4374,
        "r": 0.0,
        "m": "Technical Indicators"
      },
      {
        "t": "2024-12-11 17:35:00+00:00",
        "s": "SELL",
        "p": 92.735,
        "q": 5.4374,
        "r": 4.24,
        "m": "🔒 TRAILING_STOP alcanzado ($92.73 ≤ $93.04) PnL=+4.24"
      },
      {
        "t": "2024-12-11 19:00:00+00:00",
        "s": "BUY",
        "p": 92.55,
        "q": 5.4025,
        "r": 0.0,
        "m": "Technical Indicators"
      },
      {
        "t": "2024-12-13 14:30:00+00:00",
        "s": "SELL",
        "p": 90.8025,
        "q": 5.4025,
        "r": -9.44,
        "m": "🛑 STOP_LOSS alcanzado ($90.80 ≤ $91.16) PnL=-9.44"
      },
      {
        "t": "2024-12-16 15:00:00+00:00",
        "s": "BUY",
        "p": 92.48,
        "q": 5.4066,
        "r": 0.0,
        "m": "Technical Indicators"
      },
      {
        "t": "2024-12-18 17:50:00+00:00",
        "s": "SELL",
        "p": 92.06,
        "q": 5.4066,
        "r": -2.27,
        "m": "🔒 TRAILING_STOP alcanzado ($92.06 ≤ $92.07) PnL=-2.27"
      },
      {
        "t": "2024-12-20 17:35:00+00:00",
        "s": "BUY",
        "p": 93.05,
        "q": 5.3735,
        "r": 0.0,
        "m": "Technical Indicators"
      },
      {
        "t": "2024-12-30 14:35:00+00:00",
        "s": "SELL",
        "p": 92.624,
        "q": 5.3735,
        "r": -2.29,
        "m": "🔒 TRAILING_STOP alcanzado ($92.62 ≤ $93.05) PnL=-2.29"
      },
      {
        "t": "2025-01-13 16:05:00+00:00",
        "s": "BUY",
        "p": 90.01,
        "q": 5.5549,
        "r": 0.0,
        "m": "Technical Indicators"
      },
      {
        "t": "2025-01-16 15:10:00+00:00",
        "s": "SELL",
        "p": 92.7315,
        "q": 5.5549,
        "r": 15.12,
        "m": "🎯 TAKE_PROFIT alcanzado ($92.75 ≥ $92.71) PnL=+15.23"
      },
      {
        "t": "2025-01-16 15:40:00+00:00",
        "s": "BUY",
        "p": 92.921,
        "q": 5.3809,
        "r": 0.0,
        "m": "Technical Indicators"
      },
      {
        "t": "2025-01-16 18:00:00+00:00",
        "s": "SELL",
        "p": 91.44,
        "q": 5.3809,
        "r": -7.97,
        "m": "🛑 STOP_LOSS alcanzado ($91.44 ≤ $91.53) PnL=-7.97"
      },
      {
        "t": "2025-01-17 15:40:00+00:00",
        "s": "BUY",
        "p": 92.35,
        "q": 5.4142,
        "r": 0.0,
        "m": "Technical Indicators"
      },
      {
        "t": "2025-01-22 14:35:00+00:00",
        "s": "SELL",
        "p": 92.2585,
        "q": 5.4142,
        "r": -0.5,
        "m": "🔒 TRAILING_STOP alcanzado ($92.26 ≤ $92.44) PnL=-0.50"
      },
      {
        "t": "2025-01-22 17:25:00+00:00",
        "s": "BUY",
        "p": 92.495,
        "q": 5.4057,
        "r": 0.0,
        "m": "Technical Indicators"
      },
      {
        "t": "2025-01-27 14:35:00+00:00",
        "s": "SELL",
        "p": 95.424,
        "q": 5.4057,
        "r": 15.83,
        "m": "🎯 TAKE_PROFIT alcanzado ($95.44 ≥ $95.27) PnL=+15.94"
      },
      {
        "t": "2025-01-27 15:50:00+00:00",
        "s": "BUY",
        "p": 94.88,
        "q": 5.2698,
        "r": 0.0,
        "m": "Technical Indicators"
      },
      {
        "t": "2025-01-28 18:55:00+00:00",
        "s": "SELL",
        "p": 95.14,
        "q": 5.2698,
        "r": 1.37,
        "m": "🔒 TRAILING_STOP alcanzado ($95.14 ≤ $95.16) PnL=+1.37"
      },
      {
        "t": "2025-01-29 16:15:00+00:00",
        "s": "BUY",
        "p": 95.6,
        "q": 5.2301,
        "r": 0.0,
        "m": "Technical Indicators"
      },
      {
        "t": "2025-02-03 15:15:00+00:00",
        "s": "SELL",
        "p": 98.46,
        "q": 5.2301,
        "r": 14.96,
        "m": "🎯 TAKE_PROFIT alcanzado ($98.48 ≥ $98.47) PnL=+15.06"
      },
      {
        "t": "2025-02-03 16:50:00+00:00",
        "s": "BUY",
        "p": 99.06,
        "q": 5.0474,
        "r": 0.0,
        "m": "Technical Indicators"
      },
      {
        "t": "2025-02-04 15:20:00+00:00",
        "s": "SELL",
        "p": 97.139,
        "q": 5.0474,
        "r": -9.7,
        "m": "🛑 STOP_LOSS alcanzado ($97.14 ≤ $97.57) PnL=-9.70"
      },
      {
        "t": "2025-02-04 16:05:00+00:00",
        "s": "BUY",
        "p": 98.041,
        "q": 5.0999,
        "r": 0.0,
        "m": "Technical Indicators"
      },
      {
        "t": "2025-02-06 14:30:00+00:00",
        "s": "SELL",
        "p": 98.7825,
        "q": 5.0999,
        "r": 3.78,
        "m": "🔒 TRAILING_STOP alcanzado ($98.78 ≤ $98.97) PnL=+3.78"
      },
      {
        "t": "2025-02-12 17:20:00+00:00",
        "s": "BUY",
        "p": 102.685,
        "q": 3.7285,
        "r": 0.0,
        "m": "Technical Indicators"
      },
      {
        "t": "2025-02-13 19:00:00+00:00",
        "s": "SELL",
        "p": 105.9265,
        "q": 3.7285,
        "r": 12.09,
        "m": "🎯 TAKE_PROFIT alcanzado ($105.95 ≥ $105.77) PnL=+12.16"
      },
      {
        "t": "2025-02-13 19:40:00+00:00",
        "s": "BUY",
        "p": 106.1,
        "q": 4.7125,
        "r": 0.0,
        "m": "Technical Indicators"
      },
      {
        "t": "2025-02-14 20:25:00+00:00",
        "s": "SELL",
        "p": 104.49,
        "q": 4.7125,
        "r": -7.59,
        "m": "🛑 STOP_LOSS alcanzado ($104.49 ≤ $104.51) PnL=-7.59"
      },
      {
        "t": "2025-02-18 16:25:00+00:00",
        "s": "BUY",
        "p": 106.01,
        "q": 4.7165,
        "r": 0.0,
        "m": "Technical Indicators"
      },
      {
        "t": "2025-02-20 15:20:00+00:00",
        "s": "SELL",
        "p": 109.185,
        "q": 4.7165,
        "r": 14.97,
        "m": "🎯 TAKE_PROFIT alcanzado ($109.20 ≥ $109.19) PnL=+15.07"
      },
      {
        "t": "2025-02-20 16:35:00+00:00",
        "s": "BUY",
        "p": 109.19,
        "q": 4.5792,
        "r": 0.0,
        "m": "Technical Indicators"
      },
      {
        "t": "2025-02-25 14:35:00+00:00",
        "s": "SELL",
        "p": 110.054,
        "q": 4.5792,
        "r": 3.96,
        "m": "🔒 TRAILING_STOP alcanzado ($110.05 ≤ $110.18) PnL=+3.96"
      },
      {
        "t": "2025-02-27 15:15:00+00:00",
        "s": "BUY",
        "p": 111.83,
        "q": 4.4711,
        "r": 0.0,
        "m": "Technical Indicators"
      },
      {
        "t": "2025-03-03 14:30:00+00:00",
        "s": "SELL",
        "p": 115.2995,
        "q": 4.4711,
        "r": 15.51,
        "m": "🎯 TAKE_PROFIT alcanzado ($115.32 ≥ $115.18) PnL=+15.60"
      },
      {
        "t": "2025-03-03 16:20:00+00:00",
        "s": "BUY",
        "p": 116.493,
        "q": 4.2921,
        "r": 0.0,
        "m": "Technical Indicators"
      },
      {
        "t": "2025-03-04 16:35:00+00:00",
        "s": "SELL",
        "p": 114.4715,
        "q": 4.2921,
        "r": -8.68,
        "m": "🛑 STOP_LOSS alcanzado ($114.47 ≤ $114.75) PnL=-8.68"
      },
      {
        "t": "2025-03-05 17:05:00+00:00",
        "s": "BUY",
        "p": 115.38,
        "q": 4.3335,
        "r": 0.0,
        "m": "Technical Indicators"
      },
      {
        "t": "2025-03-11 13:30:00+00:00",
        "s": "SELL",
        "p": 116.3405,
        "q": 4.3335,
        "r": 4.16,
        "m": "🔒 TRAILING_STOP alcanzado ($116.34 ≤ $116.55) PnL=+4.16"
      }
    ],
    "stage": "TRAINING",
    "freeze_learning": false
  },
  {
    "run_id": "GILD_1777518726",
    "symbol": "GILD",
    "sim_start_date": "",
    "sim_end_date": "",
    "launched_at": "",
    "finished_at": "2026-04-30 03:12",
    "pnl": 84.87,
    "pnl_gross": 138.14,
    "trades": 19,
    "win_rate": 63.16,
    "mode": "SIMULATED",
    "mastery_score": 81.1,
    "mastery_status": "APRENDIENDO",
    "recommended_cash": 542.02,
    "actual_profit_factor": 3.57,
    "actual_max_drawdown": 16.81,
    "mastery_checklist": [
      "📦 Muestras: 19/50 trades"
    ],
    "expectancy": 4.47,
    "efficiency": 61.4,
    "stability_score": 13.3,
    "equity_history": [
      0.0,
      3.37,
      17.61,
      45.63,
      66.61,
      69.52,
      80.85,
      98.03,
      124.47,
      127.76
    ],
    "trade_log": [],
    "stage": "TRAINING",
    "freeze_learning": false
  },
  {
    "run_id": "NOW_1777518625",
    "symbol": "NOW",
    "sim_start_date": "",
    "sim_end_date": "",
    "launched_at": "",
    "finished_at": "2026-04-30 03:10",
    "pnl": -28.71,
    "pnl_gross": 38.06,
    "trades": 5,
    "win_rate": 60.0,
    "mode": "SIMULATED",
    "mastery_score": 49.6,
    "mastery_status": "APRENDIENDO",
    "recommended_cash": 656.5,
    "actual_profit_factor": 0.62,
    "actual_max_drawdown": 62.6,
    "mastery_checklist": [
      "📦 Muestras: 5/50 trades",
      "📈 Profit Factor: 0.6/1.4"
    ],
    "expectancy": -5.74,
    "efficiency": 0.0,
    "stability_score": 0.6,
    "equity_history": [
      0.0,
      14.61,
      35.73
    ],
    "trade_log": [
      {
        "t": "2026-03-23 13:35:00+00:00",
        "s": "BUY",
        "p": 112.5185,
        "q": 4.4437,
        "r": 0.0,
        "m": "Technical Indicators"
      },
      {
        "t": "2026-03-24 13:30:00+00:00",
        "s": "SELL",
        "p": 107.593,
        "q": 4.4437,
        "r": -21.89,
        "m": "🛑 STOP_LOSS alcanzado ($107.59 ≤ $109.89) PnL=-21.89"
      },
      {
        "t": "2026-03-30 18:15:00+00:00",
        "s": "BUY",
        "p": 104.759,
        "q": 4.7729,
        "r": 0.0,
        "m": "Technical Indicators"
      },
      {
        "t": "2026-03-31 14:50:00+00:00",
        "s": "SELL",
        "p": 104.332,
        "q": 4.7729,
        "r": -2.04,
        "m": "🔒 TRAILING_STOP alcanzado ($104.33 ≤ $104.93) PnL=-2.04"
      },
      {
        "t": "2026-04-13 16:50:00+00:00",
        "s": "BUY",
        "p": 88.824,
        "q": 5.6291,
        "r": 0.0,
        "m": "Technical Indicators"
      },
      {
        "t": "2026-04-14 13:30:00+00:00",
        "s": "SELL",
        "p": 91.5765,
        "q": 5.6291,
        "r": 15.49,
        "m": "🎯 TAKE_PROFIT alcanzado ($91.60 ≥ $91.49) PnL=+15.61"
      },
      {
        "t": "2026-04-15 15:55:00+00:00",
        "s": "BUY",
        "p": 93.4435,
        "q": 3.7456,
        "r": 0.0,
        "m": "Technical Indicators"
      },
      {
        "t": "2026-04-16 13:30:00+00:00",
        "s": "SELL",
        "p": 98.656,
        "q": 3.7456,
        "r": 19.52,
        "m": "🎯 TAKE_PROFIT alcanzado ($98.68 ≥ $96.25) PnL=+19.60"
      },
      {
        "t": "2026-04-16 14:25:00+00:00",
        "s": "BUY",
        "p": 96.027,
        "q": 3.6448,
        "r": 0.0,
        "m": "Technical Indicators"
      },
      {
        "t": "2026-04-17 15:40:00+00:00",
        "s": "SELL",
        "p": 96.864,
        "q": 3.6448,
        "r": 3.05,
        "m": "🔒 TRAILING_STOP alcanzado ($96.86 ≤ $97.10) PnL=+3.05"
      },
      {
        "t": "2026-04-21 13:30:00+00:00",
        "s": "BUY",
        "p": 100.7935,
        "q": 4.9606,
        "r": 0.0,
        "m": "Technical Indicators"
      },
      {
        "t": "2026-04-21 15:00:00+00:00",
        "s": "SELL",
        "p": 102.4455,
        "q": 4.9606,
        "r": 8.19,
        "m": "SIMULATION_END"
      }
    ],
    "stage": "TRAINING",
    "freeze_learning": false
  },
  {
    "run_id": "NOW_1777518624",
    "symbol": "NOW",
    "sim_start_date": "",
    "sim_end_date": "",
    "launched_at": "",
    "finished_at": "2026-04-30 03:10",
    "pnl": -26.65,
    "pnl_gross": 38.06,
    "trades": 5,
    "win_rate": 60.0,
    "mode": "SIMULATED",
    "mastery_score": 49.6,
    "mastery_status": "APRENDIENDO",
    "recommended_cash": 656.5,
    "actual_profit_factor": 0.62,
    "actual_max_drawdown": 62.6,
    "mastery_checklist": [
      "📦 Muestras: 5/50 trades",
      "📈 Profit Factor: 0.6/1.4"
    ],
    "expectancy": -5.33,
    "efficiency": 0.0,
    "stability_score": 0.6,
    "equity_history": [
      0.0,
      14.61,
      35.73
    ],
    "trade_log": [],
    "stage": "TRAINING",
    "freeze_learning": false
  },
  {
    "run_id": "AMZN_1777518407",
    "symbol": "AMZN",
    "sim_start_date": "",
    "sim_end_date": "",
    "launched_at": "",
    "finished_at": "2026-04-30 03:06",
    "pnl": 48.57,
    "pnl_gross": 127.64,
    "trades": 16,
    "win_rate": 62.5,
    "mode": "SIMULATED",
    "mastery_score": 79.1,
    "mastery_status": "APRENDIENDO",
    "recommended_cash": 568.65,
    "actual_profit_factor": 2.15,
    "actual_max_drawdown": 27.46,
    "mastery_checklist": [
      "📦 Muestras: 16/50 trades"
    ],
    "expectancy": 3.04,
    "efficiency": 38.1,
    "stability_score": 6.7,
    "equity_history": [
      0.0,
      2.7,
      18.12,
      42.65,
      57.97,
      72.18,
      86.27,
      100.56,
      104.7,
      119.08
    ],
    "trade_log": [
      {
        "t": "2026-03-10 15:15:00+00:00",
        "s": "BUY",
        "p": 215.2665,
        "q": 2.3227,
        "r": 0.0,
        "m": "Technical Indicators"
      },
      {
        "t": "2026-03-11 15:40:00+00:00",
        "s": "SELL",
        "p": 211.883,
        "q": 2.3227,
        "r": -7.86,
        "m": "🛑 STOP_LOSS alcanzado ($211.88 ≤ $212.04) PnL=-7.86"
      },
      {
        "t": "2026-03-16 18:00:00+00:00",
        "s": "BUY",
        "p": 210.307,
        "q": 2.3775,
        "r": 0.0,
        "m": "Technical Indicators"
      },
      {
        "t": "2026-03-18 14:25:00+00:00",
        "s": "SELL",
        "p": 211.807,
        "q": 2.3775,
        "r": 3.57,
        "m": "🔒 TRAILING_STOP alcanzado ($211.81 ≤ $212.32) PnL=+3.57"
      },
      {
        "t": "2026-03-23 16:05:00+00:00",
        "s": "BUY",
        "p": 211.5505,
        "q": 2.3635,
        "r": 0.0,
        "m": "Technical Indicators"
      },
      {
        "t": "2026-03-24 13:30:00+00:00",
        "s": "SELL",
        "p": 207.905,
        "q": 2.3635,
        "r": -8.62,
        "m": "🛑 STOP_LOSS alcanzado ($207.91 ≤ $208.38) PnL=-8.62"
      },
      {
        "t": "2026-03-25 15:20:00+00:00",
        "s": "BUY",
        "p": 211.2135,
        "q": 2.3673,
        "r": 0.0,
        "m": "Technical Indicators"
      },
      {
        "t": "2026-03-26 13:35:00+00:00",
        "s": "SELL",
        "p": 207.7685,
        "q": 2.3673,
        "r": -8.16,
        "m": "🛑 STOP_LOSS alcanzado ($207.77 ≤ $208.05) PnL=-8.16"
      },
      {
        "t": "2026-03-31 14:55:00+00:00",
        "s": "BUY",
        "p": 204.9905,
        "q": 2.4391,
        "r": 0.0,
        "m": "Technical Indicators"
      },
      {
        "t": "2026-04-01 14:45:00+00:00",
        "s": "SELL",
        "p": 211.6735,
        "q": 2.4391,
        "r": 16.3,
        "m": "🎯 TAKE_PROFIT alcanzado ($211.69 ≥ $211.14) PnL=+16.35"
      },
      {
        "t": "2026-04-01 16:15:00+00:00",
        "s": "BUY",
        "p": 213.0455,
        "q": 2.3469,
        "r": 0.0,
        "m": "Technical Indicators"
      },
      {
        "t": "2026-04-02 13:30:00+00:00",
        "s": "SELL",
        "p": 205.88,
        "q": 2.3469,
        "r": -16.82,
        "m": "🛑 STOP_LOSS alcanzado ($205.88 ≤ $209.85) PnL=-16.82"
      },
      {
        "t": "2026-04-02 14:20:00+00:00",
        "s": "BUY",
        "p": 209.399,
        "q": 2.3878,
        "r": 0.0,
        "m": "Technical Indicators"
      },
      {
        "t": "2026-04-07 14:55:00+00:00",
        "s": "SELL",
        "p": 209.6735,
        "q": 2.3878,
        "r": 0.66,
        "m": "🔒 TRAILING_STOP alcanzado ($209.67 ≤ $209.69) PnL=+0.66"
      },
      {
        "t": "2026-04-07 16:05:00+00:00",
        "s": "BUY",
        "p": 211.456,
        "q": 2.3646,
        "r": 0.0,
        "m": "Technical Indicators"
      },
      {
        "t": "2026-04-08 13:30:00+00:00",
        "s": "SELL",
        "p": 222.203,
        "q": 2.3646,
        "r": 25.41,
        "m": "🎯 TAKE_PROFIT alcanzado ($222.22 ≥ $217.80) PnL=+25.46"
      },
      {
        "t": "2026-04-08 17:10:00+00:00",
        "s": "BUY",
        "p": 222.09,
        "q": 2.2513,
        "r": 0.0,
        "m": "Technical Indicators"
      },
      {
        "t": "2026-04-09 15:10:00+00:00",
        "s": "SELL",
        "p": 229.285,
        "q": 2.2513,
        "r": 16.2,
        "m": "🎯 TAKE_PROFIT alcanzado ($229.31 ≥ $228.75) PnL=+16.24"
      },
      {
        "t": "2026-04-09 17:05:00+00:00",
        "s": "BUY",
        "p": 231.249,
        "q": 2.1622,
        "r": 0.0,
        "m": "Technical Indicators"
      },
      {
        "t": "2026-04-10 13:35:00+00:00",
        "s": "SELL",
        "p": 238.2265,
        "q": 2.1622,
        "r": 15.09,
        "m": "🎯 TAKE_PROFIT alcanzado ($238.25 ≥ $238.19) PnL=+15.13"
      },
      {
        "t": "2026-04-13 14:00:00+00:00",
        "s": "BUY",
        "p": 237.7015,
        "q": 2.1035,
        "r": 0.0,
        "m": "Technical Indicators"
      },
      {
        "t": "2026-04-14 13:30:00+00:00",
        "s": "SELL",
        "p": 244.8205,
        "q": 2.1035,
        "r": 14.97,
        "m": "🎯 TAKE_PROFIT alcanzado ($244.84 ≥ $244.83) PnL=+15.02"
      },
      {
        "t": "2026-04-14 19:25:00+00:00",
        "s": "BUY",
        "p": 249.5555,
        "q": 2.0036,
        "r": 0.0,
        "m": "Technical Indicators"
      },
      {
        "t": "2026-04-16 13:50:00+00:00",
        "s": "SELL",
        "p": 244.9165,
        "q": 2.0036,
        "r": -9.29,
        "m": "🛑 STOP_LOSS alcanzado ($244.92 ≤ $245.81) PnL=-9.29"
      },
      {
        "t": "2026-04-16 15:00:00+00:00",
        "s": "BUY",
        "p": 246.431,
        "q": 2.029,
        "r": 0.0,
        "m": "Technical Indicators"
      },
      {
        "t": "2026-04-17 13:35:00+00:00",
        "s": "SELL",
        "p": 253.906,
        "q": 2.029,
        "r": 15.17,
        "m": "🎯 TAKE_PROFIT alcanzado ($253.93 ≥ $253.82) PnL=+15.21"
      },
      {
        "t": "2026-04-17 15:20:00+00:00",
        "s": "BUY",
        "p": 254.3075,
        "q": 1.9661,
        "r": 0.0,
        "m": "Technical Indicators"
      },
      {
        "t": "2026-04-17 19:50:00+00:00",
        "s": "SELL",
        "p": 250.2645,
        "q": 1.9661,
        "r": -7.95,
        "m": "🛑 STOP_LOSS alcanzado ($250.26 ≤ $250.49) PnL=-7.95"
      },
      {
        "t": "2026-04-21 15:05:00+00:00",
        "s": "BUY",
        "p": 252.121,
        "q": 1.9832,
        "r": 0.0,
        "m": "Technical Indicators"
      },
      {
        "t": "2026-04-23 17:25:00+00:00",
        "s": "SELL",
        "p": 254.645,
        "q": 1.9832,
        "r": 5.01,
        "m": "🔒 TRAILING_STOP alcanzado ($254.65 ≤ $254.72) PnL=+5.01"
      },
      {
        "t": "2026-04-23 17:30:00+00:00",
        "s": "BUY",
        "p": 255.1375,
        "q": 1.9597,
        "r": 0.0,
        "m": "Technical Indicators"
      },
      {
        "t": "2026-04-24 15:55:00+00:00",
        "s": "SELL",
        "p": 262.9235,
        "q": 1.9597,
        "r": 15.26,
        "m": "🎯 TAKE_PROFIT alcanzado ($262.94 ≥ $262.79) PnL=+15.30"
      },
      {
        "t": "2026-04-24 16:50:00+00:00",
        "s": "BUY",
        "p": 261.9345,
        "q": 1.4713,
        "r": 0.0,
        "m": "Technical Indicators"
      },
      {
        "t": "2026-04-24 19:55:00+00:00",
        "s": "SELL",
        "p": 263.9145,
        "q": 1.4713,
        "r": 2.91,
        "m": "SIMULATION_END"
      }
    ],
    "stage": "TRAINING",
    "freeze_learning": false
  },
  {
    "run_id": "AMZN_1777518407",
    "symbol": "AMZN",
    "sim_start_date": "",
    "sim_end_date": "",
    "launched_at": "",
    "finished_at": "2026-04-30 03:06",
    "pnl": 55.38,
    "pnl_gross": 127.64,
    "trades": 16,
    "win_rate": 62.5,
    "mode": "SIMULATED",
    "mastery_score": 79.1,
    "mastery_status": "APRENDIENDO",
    "recommended_cash": 568.65,
    "actual_profit_factor": 2.15,
    "actual_max_drawdown": 27.46,
    "mastery_checklist": [
      "📦 Muestras: 16/50 trades"
    ],
    "expectancy": 3.46,
    "efficiency": 43.4,
    "stability_score": 6.7,
    "equity_history": [
      0.0,
      2.7,
      18.12,
      42.65,
      57.97,
      72.18,
      86.27,
      100.56,
      104.7
    ],
    "trade_log": [],
    "stage": "TRAINING",
    "freeze_learning": false
  },
  {
    "run_id": "MS_1777518336",
    "symbol": "MS",
    "sim_start_date": "",
    "sim_end_date": "",
    "launched_at": "",
    "finished_at": "2026-04-30 03:05",
    "pnl": 75.83,
    "pnl_gross": 114.97,
    "trades": 13,
    "win_rate": 69.23,
    "mode": "SIMULATED",
    "mastery_score": 77.3,
    "mastery_status": "APRENDIENDO",
    "recommended_cash": 563.45,
    "actual_profit_factor": 4.88,
    "actual_max_drawdown": 25.38,
    "mastery_checklist": [
      "📦 Muestras: 13/50 trades"
    ],
    "expectancy": 5.83,
    "efficiency": 66.0,
    "stability_score": 12.4,
    "equity_history": [
      0.0,
      0.61,
      0.72,
      23.38,
      25.16,
      65.4,
      79.93,
      107.08
    ],
    "trade_log": [
      {
        "t": "2026-03-10 15:45:00+00:00",
        "s": "BUY",
        "p": 162.45,
        "q": 3.0779,
        "r": 0.0,
        "m": "Technical Indicators"
      },
      {
        "t": "2026-03-11 13:45:00+00:00",
        "s": "SELL",
        "p": 159.9215,
        "q": 3.0779,
        "r": -7.78,
        "m": "🛑 STOP_LOSS alcanzado ($159.92 ≤ $160.01) PnL=-7.78"
      },
      {
        "t": "2026-03-11 14:05:00+00:00",
        "s": "BUY",
        "p": 160.9565,
        "q": 3.1064,
        "r": 0.0,
        "m": "Technical Indicators"
      },
      {
        "t": "2026-03-11 15:40:00+00:00",
        "s": "SELL",
        "p": 158.48,
        "q": 3.1064,
        "r": -7.69,
        "m": "🛑 STOP_LOSS alcanzado ($158.48 ≤ $158.54) PnL=-7.69"
      },
      {
        "t": "2026-03-16 14:50:00+00:00",
        "s": "BUY",
        "p": 157.3285,
        "q": 3.1781,
        "r": 0.0,
        "m": "Technical Indicators"
      },
      {
        "t": "2026-03-17 19:55:00+00:00",
        "s": "SELL",
        "p": 157.7945,
        "q": 3.1781,
        "r": 1.48,
        "m": "🔒 TRAILING_STOP alcanzado ($157.79 ≤ $157.89) PnL=+1.48"
      },
      {
        "t": "2026-03-19 13:50:00+00:00",
        "s": "BUY",
        "p": 159.315,
        "q": 3.1384,
        "r": 0.0,
        "m": "Technical Indicators"
      },
      {
        "t": "2026-03-19 17:05:00+00:00",
        "s": "SELL",
        "p": 156.8415,
        "q": 3.1384,
        "r": -7.76,
        "m": "🛑 STOP_LOSS alcanzado ($156.84 ≤ $156.93) PnL=-7.76"
      },
      {
        "t": "2026-03-20 15:45:00+00:00",
        "s": "BUY",
        "p": 160.14,
        "q": 3.1223,
        "r": 0.0,
        "m": "Technical Indicators"
      },
      {
        "t": "2026-03-20 18:40:00+00:00",
        "s": "SELL",
        "p": 160.455,
        "q": 3.1223,
        "r": 0.98,
        "m": "🔒 TRAILING_STOP alcanzado ($160.46 ≤ $160.49) PnL=+0.98"
      },
      {
        "t": "2026-03-20 19:50:00+00:00",
        "s": "BUY",
        "p": 161.388,
        "q": 3.0981,
        "r": 0.0,
        "m": "Technical Indicators"
      },
      {
        "t": "2026-03-23 13:40:00+00:00",
        "s": "SELL",
        "p": 166.4275,
        "q": 3.0981,
        "r": 15.61,
        "m": "🎯 TAKE_PROFIT alcanzado ($166.45 ≥ $166.23) PnL=+15.67"
      },
      {
        "t": "2026-03-24 14:30:00+00:00",
        "s": "BUY",
        "p": 164.395,
        "q": 3.0415,
        "r": 0.0,
        "m": "Technical Indicators"
      },
      {
        "t": "2026-03-25 15:00:00+00:00",
        "s": "SELL",
        "p": 166.016,
        "q": 3.0415,
        "r": 4.93,
        "m": "🔒 TRAILING_STOP alcanzado ($166.02 ≤ $166.19) PnL=+4.93"
      },
      {
        "t": "2026-03-31 19:35:00+00:00",
        "s": "BUY",
        "p": 164.445,
        "q": 3.0405,
        "r": 0.0,
        "m": "Technical Indicators"
      },
      {
        "t": "2026-04-01 14:25:00+00:00",
        "s": "SELL",
        "p": 165.318,
        "q": 3.0405,
        "r": 2.65,
        "m": "🔒 TRAILING_STOP alcanzado ($165.32 ≤ $165.65) PnL=+2.65"
      },
      {
        "t": "2026-04-02 15:00:00+00:00",
        "s": "BUY",
        "p": 165.8495,
        "q": 3.0148,
        "r": 0.0,
        "m": "Technical Indicators"
      },
      {
        "t": "2026-04-08 13:30:00+00:00",
        "s": "SELL",
        "p": 179.104,
        "q": 3.0148,
        "r": 39.96,
        "m": "🎯 TAKE_PROFIT alcanzado ($179.12 ≥ $170.82) PnL=+40.02"
      },
      {
        "t": "2026-04-08 15:45:00+00:00",
        "s": "BUY",
        "p": 175.098,
        "q": 2.8555,
        "r": 0.0,
        "m": "Technical Indicators"
      },
      {
        "t": "2026-04-10 13:45:00+00:00",
        "s": "SELL",
        "p": 175.8165,
        "q": 2.8555,
        "r": 2.05,
        "m": "🔒 TRAILING_STOP alcanzado ($175.82 ≤ $176.32) PnL=+2.05"
      },
      {
        "t": "2026-04-10 15:10:00+00:00",
        "s": "BUY",
        "p": 176.825,
        "q": 2.8277,
        "r": 0.0,
        "m": "Technical Indicators"
      },
      {
        "t": "2026-04-14 13:30:00+00:00",
        "s": "SELL",
        "p": 182.2755,
        "q": 2.8277,
        "r": 15.41,
        "m": "🎯 TAKE_PROFIT alcanzado ($182.30 ≥ $182.13) PnL=+15.47"
      },
      {
        "t": "2026-04-14 15:15:00+00:00",
        "s": "BUY",
        "p": 183.3,
        "q": 2.7278,
        "r": 0.0,
        "m": "Technical Indicators"
      },
      {
        "t": "2026-04-15 13:30:00+00:00",
        "s": "SELL",
        "p": 193.5755,
        "q": 2.7278,
        "r": 28.03,
        "m": "🎯 TAKE_PROFIT alcanzado ($193.60 ≥ $188.80) PnL=+28.08"
      },
      {
        "t": "2026-04-16 13:55:00+00:00",
        "s": "BUY",
        "p": 189.8395,
        "q": 2.6338,
        "r": 0.0,
        "m": "Technical Indicators"
      },
      {
        "t": "2026-04-21 15:25:00+00:00",
        "s": "SELL",
        "p": 189.7115,
        "q": 2.6338,
        "r": -0.34,
        "m": "🔒 TRAILING_STOP alcanzado ($189.71 ≤ $189.82) PnL=-0.34"
      }
    ],
    "stage": "TRAINING",
    "freeze_learning": false
  },
  {
    "run_id": "MS_1777518336",
    "symbol": "MS",
    "sim_start_date": "",
    "sim_end_date": "",
    "launched_at": "",
    "finished_at": "2026-04-30 03:05",
    "pnl": 81.08,
    "pnl_gross": 114.97,
    "trades": 13,
    "win_rate": 69.23,
    "mode": "SIMULATED",
    "mastery_score": 77.3,
    "mastery_status": "APRENDIENDO",
    "recommended_cash": 563.45,
    "actual_profit_factor": 4.88,
    "actual_max_drawdown": 25.38,
    "mastery_checklist": [
      "📦 Muestras: 13/50 trades"
    ],
    "expectancy": 6.24,
    "efficiency": 70.5,
    "stability_score": 12.4,
    "equity_history": [
      0.0,
      0.61,
      0.72,
      23.38,
      25.16,
      65.4,
      79.93,
      107.08
    ],
    "trade_log": [],
    "stage": "TRAINING",
    "freeze_learning": false
  },
  {
    "run_id": "SQ_1777517962",
    "symbol": "SQ",
    "sim_start_date": "",
    "sim_end_date": "",
    "launched_at": "",
    "finished_at": "2026-04-30 02:59",
    "pnl": 13.91,
    "pnl_gross": 15.49,
    "trades": 1,
    "win_rate": 100.0,
    "mode": "SIMULATED",
    "mastery_score": 70.6,
    "mastery_status": "APRENDIENDO",
    "recommended_cash": 501.9,
    "actual_profit_factor": 15.49,
    "actual_max_drawdown": 0.76,
    "mastery_checklist": [
      "📦 Muestras: 1/50 trades"
    ],
    "expectancy": 13.91,
    "efficiency": 89.8,
    "stability_score": 3.1,
    "equity_history": [
      0.0,
      14.61
    ],
    "trade_log": [
      {
        "t": "2025-01-15 19:45:00+00:00",
        "s": "BUY",
        "p": 85.23,
        "q": 5.8665,
        "r": 0.0,
        "m": "Technical Indicators"
      },
      {
        "t": "2025-01-17 17:20:00+00:00",
        "s": "SELL",
        "p": 87.87,
        "q": 5.8665,
        "r": 15.49,
        "m": "🎯 TAKE_PROFIT alcanzado ($87.89 ≥ $87.79) PnL=+15.60"
      },
      {
        "t": "2025-01-17 17:55:00+00:00",
        "s": "BUY",
        "p": 87.9505,
        "q": 5.685,
        "r": 0.0,
        "m": "Technical Indicators"
      },
      {
        "t": "2025-01-17 20:55:00+00:00",
        "s": "SELL",
        "p": 86.92,
        "q": 5.685,
        "r": -5.86,
        "m": "SIMULATION_END"
      }
    ],
    "stage": "TRAINING",
    "freeze_learning": false
  },
  {
    "run_id": "SQ_1777517961",
    "symbol": "SQ",
    "sim_start_date": "",
    "sim_end_date": "",
    "launched_at": "",
    "finished_at": "2026-04-30 02:59",
    "pnl": 14.67,
    "pnl_gross": 15.49,
    "trades": 1,
    "win_rate": 100.0,
    "mode": "SIMULATED",
    "mastery_score": 70.6,
    "mastery_status": "APRENDIENDO",
    "recommended_cash": 500.88,
    "actual_profit_factor": 15.49,
    "actual_max_drawdown": 0.35,
    "mastery_checklist": [
      "📦 Muestras: 1/50 trades"
    ],
    "expectancy": 14.67,
    "efficiency": 94.7,
    "stability_score": 3.1,
    "equity_history": [
      0.0
    ],
    "trade_log": [],
    "stage": "TRAINING",
    "freeze_learning": false
  },
  {
    "run_id": "AFRM_1777262383",
    "symbol": "AFRM",
    "sim_start_date": "",
    "sim_end_date": "",
    "launched_at": "",
    "finished_at": "2026-04-27 03:59",
    "pnl": 67.88,
    "pnl_gross": 160.06,
    "trades": 16,
    "win_rate": 50.0,
    "mode": "SIMULATED",
    "mastery_score": 78.8,
    "mastery_status": "APRENDIENDO",
    "recommended_cash": 604.17,
    "actual_profit_factor": 2.2,
    "actual_max_drawdown": 41.67,
    "mastery_checklist": [
      "📦 Muestras: 16/50 trades"
    ],
    "expectancy": 4.24,
    "efficiency": 42.4,
    "stability_score": 6.8,
    "equity_history": [
      0.0,
      26.36,
      40.15,
      55.65,
      61.93,
      88.3,
      138.99,
      153.76
    ],
    "trade_log": [
      {
        "t": "2023-09-08 15:30:00+00:00",
        "s": "BUY",
        "p": 22.13,
        "q": 22.5938,
        "r": 0.0,
        "m": "Technical Indicators"
      },
      {
        "t": "2023-09-11 13:30:00+00:00",
        "s": "SELL",
        "p": 23.3355,
        "q": 22.5938,
        "r": 27.24,
        "m": "🎯 TAKE_PROFIT alcanzado ($23.36 ≥ $22.79) PnL=+27.69"
      },
      {
        "t": "2023-09-11 16:55:00+00:00",
        "s": "BUY",
        "p": 23.41,
        "q": 21.3584,
        "r": 0.0,
        "m": "Technical Indicators"
      },
      {
        "t": "2023-09-12 13:30:00+00:00",
        "s": "SELL",
        "p": 23.376,
        "q": 21.3584,
        "r": -0.73,
        "m": "🔒 TRAILING_STOP alcanzado ($23.38 ≤ $23.51) PnL=-0.73"
      },
      {
        "t": "2023-09-12 18:00:00+00:00",
        "s": "BUY",
        "p": 24.13,
        "q": 20.7211,
        "r": 0.0,
        "m": "Technical Indicators"
      },
      {
        "t": "2023-09-13 13:45:00+00:00",
        "s": "SELL",
        "p": 23.655,
        "q": 20.7211,
        "r": -9.84,
        "m": "🛑 STOP_LOSS alcanzado ($23.66 ≤ $23.77) PnL=-9.84"
      },
      {
        "t": "2023-09-13 14:55:00+00:00",
        "s": "BUY",
        "p": 23.975,
        "q": 20.8551,
        "r": 0.0,
        "m": "Technical Indicators"
      },
      {
        "t": "2023-09-13 17:50:00+00:00",
        "s": "SELL",
        "p": 23.58,
        "q": 20.8551,
        "r": -8.24,
        "m": "🛑 STOP_LOSS alcanzado ($23.58 ≤ $23.62) PnL=-8.24"
      },
      {
        "t": "2023-09-14 15:45:00+00:00",
        "s": "BUY",
        "p": 23.97,
        "q": 20.8594,
        "r": 0.0,
        "m": "Technical Indicators"
      },
      {
        "t": "2023-09-14 19:50:00+00:00",
        "s": "SELL",
        "p": 23.59,
        "q": 20.8594,
        "r": -7.93,
        "m": "🛑 STOP_LOSS alcanzado ($23.59 ≤ $23.61) PnL=-7.93"
      },
      {
        "t": "2023-09-18 18:25:00+00:00",
        "s": "BUY",
        "p": 25.51,
        "q": 19.6002,
        "r": 0.0,
        "m": "Technical Indicators"
      },
      {
        "t": "2023-09-18 19:30:00+00:00",
        "s": "SELL",
        "p": 25.013,
        "q": 19.6002,
        "r": -9.74,
        "m": "🛑 STOP_LOSS alcanzado ($25.01 ≤ $25.13) PnL=-9.74"
      },
      {
        "t": "2023-10-09 19:25:00+00:00",
        "s": "BUY",
        "p": 18.75,
        "q": 26.6667,
        "r": 0.0,
        "m": "Technical Indicators"
      },
      {
        "t": "2023-10-10 13:50:00+00:00",
        "s": "SELL",
        "p": 19.3,
        "q": 26.6667,
        "r": 14.67,
        "m": "🎯 TAKE_PROFIT alcanzado ($19.32 ≥ $19.31) PnL=+15.20"
      },
      {
        "t": "2023-10-16 19:15:00+00:00",
        "s": "BUY",
        "p": 18.93,
        "q": 26.4131,
        "r": 0.0,
        "m": "Technical Indicators"
      },
      {
        "t": "2023-10-17 14:15:00+00:00",
        "s": "SELL",
        "p": 19.55,
        "q": 26.4131,
        "r": 16.38,
        "m": "🎯 TAKE_PROFIT alcanzado ($19.57 ≥ $19.50) PnL=+16.90"
      },
      {
        "t": "2023-10-17 19:50:00+00:00",
        "s": "BUY",
        "p": 20.07,
        "q": 24.9128,
        "r": 0.0,
        "m": "Technical Indicators"
      },
      {
        "t": "2023-10-18 14:45:00+00:00",
        "s": "SELL",
        "p": 19.94,
        "q": 24.9128,
        "r": -3.24,
        "m": "🔒 TRAILING_STOP alcanzado ($19.94 ≤ $20.09) PnL=-3.24"
      },
      {
        "t": "2023-10-30 19:40:00+00:00",
        "s": "BUY",
        "p": 17.135,
        "q": 29.18,
        "r": 0.0,
        "m": "Technical Indicators"
      },
      {
        "t": "2023-10-31 15:20:00+00:00",
        "s": "SELL",
        "p": 17.38,
        "q": 29.18,
        "r": 7.15,
        "m": "🔒 TRAILING_STOP alcanzado ($17.38 ≤ $17.38) PnL=+7.15"
      },
      {
        "t": "2023-11-02 19:30:00+00:00",
        "s": "BUY",
        "p": 20.915,
        "q": 23.9063,
        "r": 0.0,
        "m": "Technical Indicators"
      },
      {
        "t": "2023-11-03 13:30:00+00:00",
        "s": "SELL",
        "p": 22.055,
        "q": 23.9063,
        "r": 27.25,
        "m": "🎯 TAKE_PROFIT alcanzado ($22.07 ≥ $21.54) PnL=+27.73"
      },
      {
        "t": "2023-11-13 16:30:00+00:00",
        "s": "BUY",
        "p": 23.055,
        "q": 21.6873,
        "r": 0.0,
        "m": "Technical Indicators"
      },
      {
        "t": "2023-11-14 14:30:00+00:00",
        "s": "SELL",
        "p": 25.4345,
        "q": 21.6873,
        "r": 51.6,
        "m": "🎯 TAKE_PROFIT alcanzado ($25.45 ≥ $23.75) PnL=+52.04"
      },
      {
        "t": "2023-11-15 14:30:00+00:00",
        "s": "BUY",
        "p": 25.762,
        "q": 19.4084,
        "r": 0.0,
        "m": "Technical Indicators"
      },
      {
        "t": "2023-11-15 15:15:00+00:00",
        "s": "SELL",
        "p": 26.5685,
        "q": 19.4084,
        "r": 15.65,
        "m": "🎯 TAKE_PROFIT alcanzado ($26.59 ≥ $26.53) PnL=+16.04"
      },
      {
        "t": "2023-11-15 20:35:00+00:00",
        "s": "BUY",
        "p": 26.12,
        "q": 19.1424,
        "r": 0.0,
        "m": "Technical Indicators"
      },
      {
        "t": "2023-11-16 14:30:00+00:00",
        "s": "SELL",
        "p": 25.371,
        "q": 19.1424,
        "r": -14.34,
        "m": "🛑 STOP_LOSS alcanzado ($25.37 ≤ $25.73) PnL=-14.34"
      },
      {
        "t": "2023-11-20 20:05:00+00:00",
        "s": "BUY",
        "p": 25.74,
        "q": 19.425,
        "r": 0.0,
        "m": "Technical Indicators"
      },
      {
        "t": "2023-11-21 14:30:00+00:00",
        "s": "SELL",
        "p": 24.786,
        "q": 19.425,
        "r": -18.53,
        "m": "🛑 STOP_LOSS alcanzado ($24.79 ≤ $25.35) PnL=-18.53"
      },
      {
        "t": "2023-11-21 20:30:00+00:00",
        "s": "BUY",
        "p": 25.12,
        "q": 19.9045,
        "r": 0.0,
        "m": "Technical Indicators"
      },
      {
        "t": "2023-11-22 14:50:00+00:00",
        "s": "SELL",
        "p": 25.126,
        "q": 19.9045,
        "r": 0.12,
        "m": "🔒 TRAILING_STOP alcanzado ($25.13 ≤ $25.35) PnL=+0.12"
      }
    ],
    "stage": "TRAINING",
    "freeze_learning": false
  },
  {
    "run_id": "AFRM_1777262383",
    "symbol": "AFRM",
    "sim_start_date": "",
    "sim_end_date": "",
    "launched_at": "",
    "finished_at": "2026-04-27 03:59",
    "pnl": 74.34,
    "pnl_gross": 160.06,
    "trades": 16,
    "win_rate": 50.0,
    "mode": "SIMULATED",
    "mastery_score": 78.8,
    "mastery_status": "APRENDIENDO",
    "recommended_cash": 602.33,
    "actual_profit_factor": 2.2,
    "actual_max_drawdown": 40.93,
    "mastery_checklist": [
      "📦 Muestras: 16/50 trades"
    ],
    "expectancy": 4.65,
    "efficiency": 46.4,
    "stability_score": 6.8,
    "equity_history": [
      0.0,
      26.36,
      40.15,
      55.65,
      61.93,
      88.3,
      138.99,
      153.76
    ],
    "trade_log": [],
    "stage": "TRAINING",
    "freeze_learning": false
  },
  {
    "run_id": "NOW_1777262329",
    "symbol": "NOW",
    "sim_start_date": "",
    "sim_end_date": "",
    "launched_at": "",
    "finished_at": "2026-04-27 03:58",
    "pnl": 15.44,
    "pnl_gross": 45.83,
    "trades": 5,
    "win_rate": 60.0,
    "mode": "SIMULATED",
    "mastery_score": 72.5,
    "mastery_status": "APRENDIENDO",
    "recommended_cash": 564.8,
    "actual_profit_factor": 1.92,
    "actual_max_drawdown": 25.92,
    "mastery_checklist": [
      "📦 Muestras: 5/50 trades"
    ],
    "expectancy": 3.09,
    "efficiency": 33.7,
    "stability_score": 1.9,
    "equity_history": [
      0.0,
      14.61,
      43.2
    ],
    "trade_log": [
      {
        "t": "2026-03-23 13:35:00+00:00",
        "s": "BUY",
        "p": 112.5185,
        "q": 4.4437,
        "r": 0.0,
        "m": "Technical Indicators"
      },
      {
        "t": "2026-03-24 13:30:00+00:00",
        "s": "SELL",
        "p": 107.593,
        "q": 4.4437,
        "r": -21.89,
        "m": "🛑 STOP_LOSS alcanzado ($107.59 ≤ $109.89) PnL=-21.89"
      },
      {
        "t": "2026-03-30 18:15:00+00:00",
        "s": "BUY",
        "p": 104.759,
        "q": 4.7729,
        "r": 0.0,
        "m": "Technical Indicators"
      },
      {
        "t": "2026-03-31 14:50:00+00:00",
        "s": "SELL",
        "p": 104.332,
        "q": 4.7729,
        "r": -2.04,
        "m": "🔒 TRAILING_STOP alcanzado ($104.33 ≤ $104.93) PnL=-2.04"
      },
      {
        "t": "2026-04-13 16:50:00+00:00",
        "s": "BUY",
        "p": 88.824,
        "q": 5.6291,
        "r": 0.0,
        "m": "Technical Indicators"
      },
      {
        "t": "2026-04-14 13:30:00+00:00",
        "s": "SELL",
        "p": 91.5765,
        "q": 5.6291,
        "r": 15.49,
        "m": "🎯 TAKE_PROFIT alcanzado ($91.60 ≥ $91.49) PnL=+15.61"
      },
      {
        "t": "2026-04-15 16:15:00+00:00",
        "s": "BUY",
        "p": 93.241,
        "q": 5.3624,
        "r": 0.0,
        "m": "Technical Indicators"
      },
      {
        "t": "2026-04-16 13:30:00+00:00",
        "s": "SELL",
        "p": 98.656,
        "q": 5.3624,
        "r": 29.04,
        "m": "🎯 TAKE_PROFIT alcanzado ($98.68 ≥ $96.04) PnL=+29.14"
      },
      {
        "t": "2026-04-16 15:20:00+00:00",
        "s": "BUY",
        "p": 96.613,
        "q": 5.1753,
        "r": 0.0,
        "m": "Technical Indicators"
      },
      {
        "t": "2026-04-17 15:40:00+00:00",
        "s": "SELL",
        "p": 96.864,
        "q": 5.1753,
        "r": 1.3,
        "m": "🔒 TRAILING_STOP alcanzado ($96.86 ≤ $97.09) PnL=+1.30"
      },
      {
        "t": "2026-04-21 13:30:00+00:00",
        "s": "BUY",
        "p": 100.7935,
        "q": 4.9606,
        "r": 0.0,
        "m": "Technical Indicators"
      },
      {
        "t": "2026-04-21 15:00:00+00:00",
        "s": "SELL",
        "p": 102.4455,
        "q": 4.9606,
        "r": 8.19,
        "m": "SIMULATION_END"
      }
    ],
    "stage": "TRAINING",
    "freeze_learning": false
  },
  {
    "run_id": "NOW_1777262328",
    "symbol": "NOW",
    "sim_start_date": "",
    "sim_end_date": "",
    "launched_at": "",
    "finished_at": "2026-04-27 03:58",
    "pnl": 17.8,
    "pnl_gross": 45.83,
    "trades": 5,
    "win_rate": 60.0,
    "mode": "SIMULATED",
    "mastery_score": 72.5,
    "mastery_status": "APRENDIENDO",
    "recommended_cash": 564.8,
    "actual_profit_factor": 1.92,
    "actual_max_drawdown": 25.92,
    "mastery_checklist": [
      "📦 Muestras: 5/50 trades"
    ],
    "expectancy": 3.56,
    "efficiency": 38.8,
    "stability_score": 1.9,
    "equity_history": [
      0.0,
      14.61,
      43.2
    ],
    "trade_log": [],
    "stage": "TRAINING",
    "freeze_learning": false
  },
  {
    "run_id": "QCOM_1777262213",
    "symbol": "QCOM",
    "sim_start_date": "",
    "sim_end_date": "",
    "launched_at": "",
    "finished_at": "2026-04-27 03:56",
    "pnl": 12.56,
    "pnl_gross": 35.24,
    "trades": 6,
    "win_rate": 50.0,
    "mode": "SIMULATED",
    "mastery_score": 73.2,
    "mastery_status": "APRENDIENDO",
    "recommended_cash": 544.5,
    "actual_profit_factor": 2.35,
    "actual_max_drawdown": 17.8,
    "mastery_checklist": [
      "📦 Muestras: 6/50 trades"
    ],
    "expectancy": 2.09,
    "efficiency": 35.6,
    "stability_score": 2.8,
    "equity_history": [
      0.0,
      4.49,
      18.55,
      32.61
    ],
    "trade_log": [
      {
        "t": "2026-03-25 15:20:00+00:00",
        "s": "BUY",
        "p": 131.1765,
        "q": 3.8117,
        "r": 0.0,
        "m": "Technical Indicators"
      },
      {
        "t": "2026-03-26 13:30:00+00:00",
        "s": "SELL",
        "p": 128.945,
        "q": 3.8117,
        "r": -8.51,
        "m": "🛑 STOP_LOSS alcanzado ($128.94 ≤ $129.21) PnL=-8.51"
      },
      {
        "t": "2026-03-26 13:45:00+00:00",
        "s": "BUY",
        "p": 130.224,
        "q": 3.8395,
        "r": 0.0,
        "m": "Technical Indicators"
      },
      {
        "t": "2026-03-27 13:30:00+00:00",
        "s": "SELL",
        "p": 129.2185,
        "q": 3.8395,
        "r": -3.86,
        "m": "🔒 TRAILING_STOP alcanzado ($129.22 ≤ $130.27) PnL=-3.86"
      },
      {
        "t": "2026-03-31 18:25:00+00:00",
        "s": "BUY",
        "p": 128.38,
        "q": 3.8947,
        "r": 0.0,
        "m": "Technical Indicators"
      },
      {
        "t": "2026-04-01 18:15:00+00:00",
        "s": "SELL",
        "p": 127.707,
        "q": 3.8947,
        "r": -2.62,
        "m": "🔒 TRAILING_STOP alcanzado ($127.71 ≤ $128.02) PnL=-2.62"
      },
      {
        "t": "2026-04-08 14:45:00+00:00",
        "s": "BUY",
        "p": 127.077,
        "q": 3.9346,
        "r": 0.0,
        "m": "Technical Indicators"
      },
      {
        "t": "2026-04-10 17:25:00+00:00",
        "s": "SELL",
        "p": 128.44,
        "q": 3.9346,
        "r": 5.36,
        "m": "🔒 TRAILING_STOP alcanzado ($128.44 ≤ $128.51) PnL=+5.36"
      },
      {
        "t": "2026-04-13 18:00:00+00:00",
        "s": "BUY",
        "p": 129.6605,
        "q": 3.8562,
        "r": 0.0,
        "m": "Technical Indicators"
      },
      {
        "t": "2026-04-15 14:05:00+00:00",
        "s": "SELL",
        "p": 133.535,
        "q": 3.8562,
        "r": 14.94,
        "m": "🎯 TAKE_PROFIT alcanzado ($133.56 ≥ $133.55) PnL=+15.02"
      },
      {
        "t": "2026-04-15 14:50:00+00:00",
        "s": "BUY",
        "p": 133.559,
        "q": 3.7437,
        "r": 0.0,
        "m": "Technical Indicators"
      },
      {
        "t": "2026-04-20 14:40:00+00:00",
        "s": "SELL",
        "p": 137.55,
        "q": 3.7437,
        "r": 14.94,
        "m": "🎯 TAKE_PROFIT alcanzado ($137.57 ≥ $137.57) PnL=+15.02"
      },
      {
        "t": "2026-04-20 15:10:00+00:00",
        "s": "BUY",
        "p": 137.56,
        "q": 3.6348,
        "r": 0.0,
        "m": "Technical Indicators"
      },
      {
        "t": "2026-04-21 15:10:00+00:00",
        "s": "SELL",
        "p": 136.7285,
        "q": 3.6348,
        "r": -3.02,
        "m": "SIMULATION_END"
      }
    ],
    "stage": "TRAINING",
    "freeze_learning": false
  },
  {
    "run_id": "QCOM_1777262213",
    "symbol": "QCOM",
    "sim_start_date": "",
    "sim_end_date": "",
    "launched_at": "",
    "finished_at": "2026-04-27 03:56",
    "pnl": 15.33,
    "pnl_gross": 35.24,
    "trades": 6,
    "win_rate": 50.0,
    "mode": "SIMULATED",
    "mastery_score": 73.2,
    "mastery_status": "APRENDIENDO",
    "recommended_cash": 544.5,
    "actual_profit_factor": 2.35,
    "actual_max_drawdown": 17.8,
    "mastery_checklist": [
      "📦 Muestras: 6/50 trades"
    ],
    "expectancy": 2.56,
    "efficiency": 43.5,
    "stability_score": 2.8,
    "equity_history": [
      0.0,
      4.49,
      18.55
    ],
    "trade_log": [],
    "stage": "TRAINING",
    "freeze_learning": false
  },
  {
    "run_id": "PFE_1777261905",
    "symbol": "PFE",
    "sim_start_date": "",
    "sim_end_date": "",
    "launched_at": "",
    "finished_at": "2026-04-27 03:51",
    "pnl": -51.49,
    "pnl_gross": 352.97,
    "trades": 80,
    "win_rate": 42.5,
    "mode": "SIMULATED",
    "mastery_score": 90.3,
    "mastery_status": "VALIDANDO",
    "recommended_cash": 814.52,
    "actual_profit_factor": 1.15,
    "actual_max_drawdown": 125.81,
    "mastery_checklist": [
      "📈 Profit Factor: 1.1/1.4"
    ],
    "expectancy": -0.64,
    "efficiency": 0.0,
    "stability_score": 16.3,
    "equity_history": [
      0.0,
      1.15,
      16.27,
      18.73,
      32.89,
      46.89,
      61.78,
      78.95,
      92.75,
      108.44,
      122.42,
      138.08,
      141.84,
      155.75,
      160.16,
      175.29,
      189.55,
      224.06,
      229.33,
      231.66,
      232.82,
      246.88,
      260.89,
      262.98,
      265.72,
      279.49,
      293.41,
      307.22,
      307.29,
      321.22,
      322.66,
      324.3
    ],
    "trade_log": [
      {
        "t": "2025-03-17 15:15:00+00:00",
        "s": "BUY",
        "p": 25.975,
        "q": 19.2493,
        "r": 0.0,
        "m": "Technical Indicators"
      },
      {
        "t": "2025-03-19 17:55:00+00:00",
        "s": "SELL",
        "p": 26.08,
        "q": 19.2493,
        "r": 2.02,
        "m": "🔒 TRAILING_STOP alcanzado ($26.08 ≤ $26.09) PnL=+2.02"
      },
      {
        "t": "2025-03-19 18:50:00+00:00",
        "s": "BUY",
        "p": 26.255,
        "q": 19.044,
        "r": 0.0,
        "m": "Technical Indicators"
      },
      {
        "t": "2025-03-25 14:25:00+00:00",
        "s": "SELL",
        "p": 25.86,
        "q": 19.044,
        "r": -7.52,
        "m": "🛑 STOP_LOSS alcanzado ($25.86 ≤ $25.86) PnL=-7.52"
      },
      {
        "t": "2025-04-01 13:35:00+00:00",
        "s": "BUY",
        "p": 25.305,
        "q": 19.7589,
        "r": 0.0,
        "m": "Technical Indicators"
      },
      {
        "t": "2025-04-01 13:50:00+00:00",
        "s": "SELL",
        "p": 24.885,
        "q": 19.7589,
        "r": -8.3,
        "m": "🛑 STOP_LOSS alcanzado ($24.89 ≤ $24.93) PnL=-8.30"
      },
      {
        "t": "2025-04-03 16:25:00+00:00",
        "s": "BUY",
        "p": 24.825,
        "q": 20.141,
        "r": 0.0,
        "m": "Technical Indicators"
      },
      {
        "t": "2025-04-03 18:55:00+00:00",
        "s": "SELL",
        "p": 24.425,
        "q": 20.141,
        "r": -8.06,
        "m": "🛑 STOP_LOSS alcanzado ($24.43 ≤ $24.45) PnL=-8.06"
      },
      {
        "t": "2025-04-11 17:20:00+00:00",
        "s": "BUY",
        "p": 21.715,
        "q": 23.0256,
        "r": 0.0,
        "m": "Technical Indicators"
      },
      {
        "t": "2025-04-15 13:35:00+00:00",
        "s": "SELL",
        "p": 22.41,
        "q": 23.0256,
        "r": 16.0,
        "m": "🎯 TAKE_PROFIT alcanzado ($22.43 ≥ $22.37) PnL=+16.46"
      },
      {
        "t": "2025-04-15 15:10:00+00:00",
        "s": "BUY",
        "p": 22.615,
        "q": 22.1092,
        "r": 0.0,
        "m": "Technical Indicators"
      },
      {
        "t": "2025-04-16 13:55:00+00:00",
        "s": "SELL",
        "p": 22.27,
        "q": 22.1092,
        "r": -7.63,
        "m": "🛑 STOP_LOSS alcanzado ($22.27 ≤ $22.28) PnL=-7.63"
      },
      {
        "t": "2025-04-17 14:40:00+00:00",
        "s": "BUY",
        "p": 22.37,
        "q": 22.3514,
        "r": 0.0,
        "m": "Technical Indicators"
      },
      {
        "t": "2025-04-21 13:30:00+00:00",
        "s": "SELL",
        "p": 21.98,
        "q": 22.3514,
        "r": -8.72,
        "m": "🛑 STOP_LOSS alcanzado ($21.98 ≤ $22.03) PnL=-8.72"
      },
      {
        "t": "2025-04-22 16:20:00+00:00",
        "s": "BUY",
        "p": 22.5,
        "q": 22.2222,
        "r": 0.0,
        "m": "Technical Indicators"
      },
      {
        "t": "2025-04-23 14:45:00+00:00",
        "s": "SELL",
        "p": 22.65,
        "q": 22.2222,
        "r": 3.33,
        "m": "🔒 TRAILING_STOP alcanzado ($22.65 ≤ $22.66) PnL=+3.33"
      },
      {
        "t": "2025-04-23 17:20:00+00:00",
        "s": "BUY",
        "p": 22.44,
        "q": 22.2816,
        "r": 0.0,
        "m": "Technical Indicators"
      },
      {
        "t": "2025-04-28 13:30:00+00:00",
        "s": "SELL",
        "p": 23.115,
        "q": 22.2816,
        "r": 15.04,
        "m": "🎯 TAKE_PROFIT alcanzado ($23.14 ≥ $23.11) PnL=+15.49"
      },
      {
        "t": "2025-04-28 14:35:00+00:00",
        "s": "BUY",
        "p": 23.18,
        "q": 21.5703,
        "r": 0.0,
        "m": "Technical Indicators"
      },
      {
        "t": "2025-04-29 14:55:00+00:00",
        "s": "SELL",
        "p": 23.87,
        "q": 21.5703,
        "r": 14.88,
        "m": "🎯 TAKE_PROFIT alcanzado ($23.89 ≥ $23.88) PnL=+15.31"
      },
      {
        "t": "2025-04-29 17:15:00+00:00",
        "s": "BUY",
        "p": 23.93,
        "q": 20.8943,
        "r": 0.0,
        "m": "Technical Indicators"
      },
      {
        "t": "2025-05-01 13:30:00+00:00",
        "s": "SELL",
        "p": 23.9465,
        "q": 20.8943,
        "r": 0.34,
        "m": "🔒 TRAILING_STOP alcanzado ($23.95 ≤ $24.03) PnL=+0.34"
      },
      {
        "t": "2025-05-01 16:50:00+00:00",
        "s": "BUY",
        "p": 23.97,
        "q": 20.8594,
        "r": 0.0,
        "m": "Technical Indicators"
      },
      {
        "t": "2025-05-05 17:15:00+00:00",
        "s": "SELL",
        "p": 23.9,
        "q": 20.8594,
        "r": -1.46,
        "m": "🔒 TRAILING_STOP alcanzado ($23.90 ≤ $23.90) PnL=-1.46"
      },
      {
        "t": "2025-05-12 17:20:00+00:00",
        "s": "BUY",
        "p": 23.115,
        "q": 21.631,
        "r": 0.0,
        "m": "Technical Indicators"
      },
      {
        "t": "2025-05-13 13:30:00+00:00",
        "s": "SELL",
        "p": 22.6775,
        "q": 21.631,
        "r": -9.46,
        "m": "🛑 STOP_LOSS alcanzado ($22.68 ≤ $22.77) PnL=-9.46"
      },
      {
        "t": "2025-05-13 18:05:00+00:00",
        "s": "BUY",
        "p": 22.96,
        "q": 21.777,
        "r": 0.0,
        "m": "Technical Indicators"
      },
      {
        "t": "2025-05-14 13:45:00+00:00",
        "s": "SELL",
        "p": 22.59,
        "q": 21.777,
        "r": -8.06,
        "m": "🛑 STOP_LOSS alcanzado ($22.59 ≤ $22.62) PnL=-8.06"
      },
      {
        "t": "2025-05-16 14:15:00+00:00",
        "s": "BUY",
        "p": 22.675,
        "q": 22.0507,
        "r": 0.0,
        "m": "Technical Indicators"
      },
      {
        "t": "2025-05-20 13:40:00+00:00",
        "s": "SELL",
        "p": 23.39,
        "q": 22.0507,
        "r": 15.77,
        "m": "🎯 TAKE_PROFIT alcanzado ($23.41 ≥ $23.36) PnL=+16.21"
      },
      {
        "t": "2025-05-20 15:15:00+00:00",
        "s": "BUY",
        "p": 23.45,
        "q": 21.322,
        "r": 0.0,
        "m": "Technical Indicators"
      },
      {
        "t": "2025-05-21 19:50:00+00:00",
        "s": "SELL",
        "p": 23.065,
        "q": 21.322,
        "r": -8.21,
        "m": "🛑 STOP_LOSS alcanzado ($23.07 ≤ $23.10) PnL=-8.21"
      },
      {
        "t": "2025-05-23 18:10:00+00:00",
        "s": "BUY",
        "p": 23.36,
        "q": 21.4041,
        "r": 0.0,
        "m": "Technical Indicators"
      },
      {
        "t": "2025-05-28 16:00:00+00:00",
        "s": "SELL",
        "p": 23.28,
        "q": 21.4041,
        "r": -1.71,
        "m": "🔒 TRAILING_STOP alcanzado ($23.28 ≤ $23.29) PnL=-1.71"
      },
      {
        "t": "2025-06-06 14:45:00+00:00",
        "s": "BUY",
        "p": 23.485,
        "q": 21.2902,
        "r": 0.0,
        "m": "Technical Indicators"
      },
      {
        "t": "2025-06-10 14:30:00+00:00",
        "s": "SELL",
        "p": 24.205,
        "q": 21.2902,
        "r": 15.33,
        "m": "🎯 TAKE_PROFIT alcanzado ($24.23 ≥ $24.19) PnL=+15.75"
      },
      {
        "t": "2025-06-10 15:30:00+00:00",
        "s": "BUY",
        "p": 24.36,
        "q": 20.5255,
        "r": 0.0,
        "m": "Technical Indicators"
      },
      {
        "t": "2025-06-13 18:25:00+00:00",
        "s": "SELL",
        "p": 24.535,
        "q": 20.5255,
        "r": 3.59,
        "m": "🔒 TRAILING_STOP alcanzado ($24.54 ≤ $24.54) PnL=+3.59"
      },
      {
        "t": "2025-06-23 17:30:00+00:00",
        "s": "BUY",
        "p": 24.015,
        "q": 20.8203,
        "r": 0.0,
        "m": "Technical Indicators"
      },
      {
        "t": "2025-07-01 14:30:00+00:00",
        "s": "SELL",
        "p": 24.72,
        "q": 20.8203,
        "r": 14.68,
        "m": "🎯 TAKE_PROFIT alcanzado ($24.74 ≥ $24.74) PnL=+15.09"
      },
      {
        "t": "2025-07-01 17:40:00+00:00",
        "s": "BUY",
        "p": 25.05,
        "q": 19.9601,
        "r": 0.0,
        "m": "Technical Indicators"
      },
      {
        "t": "2025-07-08 14:30:00+00:00",
        "s": "SELL",
        "p": 25.88,
        "q": 19.9601,
        "r": 16.57,
        "m": "🎯 TAKE_PROFIT alcanzado ($25.90 ≥ $25.80) PnL=+16.97"
      },
      {
        "t": "2025-07-08 15:35:00+00:00",
        "s": "BUY",
        "p": 25.79,
        "q": 19.3874,
        "r": 0.0,
        "m": "Technical Indicators"
      },
      {
        "t": "2025-07-08 17:05:00+00:00",
        "s": "SELL",
        "p": 25.33,
        "q": 19.3874,
        "r": -8.92,
        "m": "🛑 STOP_LOSS alcanzado ($25.33 ≤ $25.40) PnL=-8.92"
      },
      {
        "t": "2025-07-08 17:10:00+00:00",
        "s": "BUY",
        "p": 25.48,
        "q": 19.6232,
        "r": 0.0,
        "m": "Technical Indicators"
      },
      {
        "t": "2025-07-09 15:10:00+00:00",
        "s": "SELL",
        "p": 25.395,
        "q": 19.6232,
        "r": -1.67,
        "m": "🔒 TRAILING_STOP alcanzado ($25.39 ≤ $25.40) PnL=-1.67"
      },
      {
        "t": "2025-07-10 13:40:00+00:00",
        "s": "BUY",
        "p": 25.71,
        "q": 19.4477,
        "r": 0.0,
        "m": "Technical Indicators"
      },
      {
        "t": "2025-07-11 13:30:00+00:00",
        "s": "SELL",
        "p": 25.509,
        "q": 19.4477,
        "r": -3.91,
        "m": "🔒 TRAILING_STOP alcanzado ($25.51 ≤ $25.64) PnL=-3.91"
      },
      {
        "t": "2025-07-22 14:45:00+00:00",
        "s": "BUY",
        "p": 24.735,
        "q": 20.2143,
        "r": 0.0,
        "m": "Technical Indicators"
      },
      {
        "t": "2025-07-23 16:00:00+00:00",
        "s": "SELL",
        "p": 25.47,
        "q": 20.2143,
        "r": 14.86,
        "m": "🎯 TAKE_PROFIT alcanzado ($25.49 ≥ $25.48) PnL=+15.26"
      },
      {
        "t": "2025-07-23 16:35:00+00:00",
        "s": "BUY",
        "p": 25.475,
        "q": 19.6271,
        "r": 0.0,
        "m": "Technical Indicators"
      },
      {
        "t": "2025-07-25 13:30:00+00:00",
        "s": "SELL",
        "p": 24.87,
        "q": 19.6271,
        "r": -11.87,
        "m": "🛑 STOP_LOSS alcanzado ($24.87 ≤ $25.09) PnL=-11.87"
      },
      {
        "t": "2025-08-04 16:15:00+00:00",
        "s": "BUY",
        "p": 23.655,
        "q": 21.1372,
        "r": 0.0,
        "m": "Technical Indicators"
      },
      {
        "t": "2025-08-05 13:30:00+00:00",
        "s": "SELL",
        "p": 24.4375,
        "q": 21.1372,
        "r": 16.54,
        "m": "🎯 TAKE_PROFIT alcanzado ($24.46 ≥ $24.36) PnL=+16.96"
      },
      {
        "t": "2025-08-05 18:55:00+00:00",
        "s": "BUY",
        "p": 24.77,
        "q": 20.1857,
        "r": 0.0,
        "m": "Technical Indicators"
      },
      {
        "t": "2025-08-06 13:45:00+00:00",
        "s": "SELL",
        "p": 24.36,
        "q": 20.1857,
        "r": -8.28,
        "m": "🛑 STOP_LOSS alcanzado ($24.36 ≤ $24.40) PnL=-8.28"
      },
      {
        "t": "2025-08-07 17:25:00+00:00",
        "s": "BUY",
        "p": 24.29,
        "q": 20.5846,
        "r": 0.0,
        "m": "Technical Indicators"
      },
      {
        "t": "2025-08-12 14:30:00+00:00",
        "s": "SELL",
        "p": 24.515,
        "q": 20.5846,
        "r": 4.63,
        "m": "🔒 TRAILING_STOP alcanzado ($24.52 ≤ $24.52) PnL=+4.63"
      },
      {
        "t": "2025-08-13 14:30:00+00:00",
        "s": "BUY",
        "p": 25.01,
        "q": 19.992,
        "r": 0.0,
        "m": "Technical Indicators"
      },
      {
        "t": "2025-08-21 15:05:00+00:00",
        "s": "SELL",
        "p": 25.75,
        "q": 19.992,
        "r": 14.79,
        "m": "🎯 TAKE_PROFIT alcanzado ($25.77 ≥ $25.76) PnL=+15.19"
      },
      {
        "t": "2025-08-21 16:00:00+00:00",
        "s": "BUY",
        "p": 25.81,
        "q": 19.3723,
        "r": 0.0,
        "m": "Technical Indicators"
      },
      {
        "t": "2025-08-25 13:35:00+00:00",
        "s": "SELL",
        "p": 25.68,
        "q": 19.3723,
        "r": -2.52,
        "m": "🔒 TRAILING_STOP alcanzado ($25.68 ≤ $25.68) PnL=-2.52"
      },
      {
        "t": "2025-09-02 13:45:00+00:00",
        "s": "BUY",
        "p": 24.9,
        "q": 20.0803,
        "r": 0.0,
        "m": "Technical Indicators"
      },
      {
        "t": "2025-09-04 13:30:00+00:00",
        "s": "SELL",
        "p": 24.5125,
        "q": 20.0803,
        "r": -7.78,
        "m": "🛑 STOP_LOSS alcanzado ($24.51 ≤ $24.53) PnL=-7.78"
      },
      {
        "t": "2025-09-05 16:00:00+00:00",
        "s": "BUY",
        "p": 24.74,
        "q": 20.2102,
        "r": 0.0,
        "m": "Technical Indicators"
      },
      {
        "t": "2025-09-08 17:55:00+00:00",
        "s": "SELL",
        "p": 24.34,
        "q": 20.2102,
        "r": -8.08,
        "m": "🛑 STOP_LOSS alcanzado ($24.34 ≤ $24.37) PnL=-8.08"
      },
      {
        "t": "2025-09-09 14:55:00+00:00",
        "s": "BUY",
        "p": 24.685,
        "q": 20.2552,
        "r": 0.0,
        "m": "Technical Indicators"
      },
      {
        "t": "2025-09-12 15:35:00+00:00",
        "s": "SELL",
        "p": 24.118,
        "q": 20.2552,
        "r": -11.48,
        "m": "🛑 STOP_LOSS alcanzado ($24.12 ≤ $24.31) PnL=-11.48"
      },
      {
        "t": "2025-09-17 15:20:00+00:00",
        "s": "BUY",
        "p": 24.355,
        "q": 20.5297,
        "r": 0.0,
        "m": "Technical Indicators"
      },
      {
        "t": "2025-09-18 13:30:00+00:00",
        "s": "SELL",
        "p": 23.965,
        "q": 20.5297,
        "r": -8.01,
        "m": "🛑 STOP_LOSS alcanzado ($23.96 ≤ $23.99) PnL=-8.01"
      },
      {
        "t": "2025-09-18 14:05:00+00:00",
        "s": "BUY",
        "p": 24.145,
        "q": 20.7082,
        "r": 0.0,
        "m": "Technical Indicators"
      },
      {
        "t": "2025-09-22 16:15:00+00:00",
        "s": "SELL",
        "p": 24.4,
        "q": 20.7082,
        "r": 5.28,
        "m": "🔒 TRAILING_STOP alcanzado ($24.40 ≤ $24.40) PnL=+5.28"
      },
      {
        "t": "2025-09-23 15:15:00+00:00",
        "s": "BUY",
        "p": 24.32,
        "q": 20.5592,
        "r": 0.0,
        "m": "Technical Indicators"
      },
      {
        "t": "2025-09-25 13:50:00+00:00",
        "s": "SELL",
        "p": 23.945,
        "q": 20.5592,
        "r": -7.71,
        "m": "🛑 STOP_LOSS alcanzado ($23.95 ≤ $23.96) PnL=-7.71"
      },
      {
        "t": "2025-09-29 16:35:00+00:00",
        "s": "BUY",
        "p": 23.825,
        "q": 20.9864,
        "r": 0.0,
        "m": "Technical Indicators"
      },
      {
        "t": "2025-09-30 14:10:00+00:00",
        "s": "SELL",
        "p": 24.588,
        "q": 20.9864,
        "r": 16.01,
        "m": "🎯 TAKE_PROFIT alcanzado ($24.61 ≥ $24.54) PnL=+16.43"
      },
      {
        "t": "2025-09-30 15:00:00+00:00",
        "s": "BUY",
        "p": 24.445,
        "q": 20.4541,
        "r": 0.0,
        "m": "Technical Indicators"
      },
      {
        "t": "2025-09-30 18:00:00+00:00",
        "s": "SELL",
        "p": 25.185,
        "q": 20.4541,
        "r": 15.14,
        "m": "🎯 TAKE_PROFIT alcanzado ($25.20 ≥ $25.18) PnL=+15.55"
      },
      {
        "t": "2025-09-30 19:55:00+00:00",
        "s": "BUY",
        "p": 25.5,
        "q": 19.6078,
        "r": 0.0,
        "m": "Technical Indicators"
      },
      {
        "t": "2025-10-01 13:55:00+00:00",
        "s": "SELL",
        "p": 26.25,
        "q": 19.6078,
        "r": 14.71,
        "m": "🎯 TAKE_PROFIT alcanzado ($26.27 ≥ $26.27) PnL=+15.10"
      },
      {
        "t": "2025-10-01 18:05:00+00:00",
        "s": "BUY",
        "p": 27.29,
        "q": 18.3217,
        "r": 0.0,
        "m": "Technical Indicators"
      },
      {
        "t": "2025-10-02 14:00:00+00:00",
        "s": "SELL",
        "p": 26.865,
        "q": 18.3217,
        "r": -7.79,
        "m": "🛑 STOP_LOSS alcanzado ($26.86 ≤ $26.88) PnL=-7.79"
      },
      {
        "t": "2025-10-02 15:30:00+00:00",
        "s": "BUY",
        "p": 26.87,
        "q": 18.6081,
        "r": 0.0,
        "m": "Technical Indicators"
      },
      {
        "t": "2025-10-03 16:25:00+00:00",
        "s": "SELL",
        "p": 27.2,
        "q": 18.6081,
        "r": 6.14,
        "m": "🔒 TRAILING_STOP alcanzado ($27.20 ≤ $27.21) PnL=+6.14"
      },
      {
        "t": "2025-10-03 17:55:00+00:00",
        "s": "BUY",
        "p": 27.485,
        "q": 18.1917,
        "r": 0.0,
        "m": "Technical Indicators"
      },
      {
        "t": "2025-10-06 13:30:00+00:00",
        "s": "SELL",
        "p": 27.046,
        "q": 18.1917,
        "r": -7.99,
        "m": "🛑 STOP_LOSS alcanzado ($27.05 ≤ $27.07) PnL=-7.99"
      },
      {
        "t": "2025-10-17 19:00:00+00:00",
        "s": "BUY",
        "p": 24.53,
        "q": 20.3832,
        "r": 0.0,
        "m": "Technical Indicators"
      },
      {
        "t": "2025-10-23 14:30:00+00:00",
        "s": "SELL",
        "p": 24.525,
        "q": 20.3832,
        "r": -0.1,
        "m": "🔒 TRAILING_STOP alcanzado ($24.52 ≤ $24.53) PnL=-0.10"
      },
      {
        "t": "2025-10-24 14:00:00+00:00",
        "s": "BUY",
        "p": 24.795,
        "q": 20.1654,
        "r": 0.0,
        "m": "Technical Indicators"
      },
      {
        "t": "2025-10-28 19:30:00+00:00",
        "s": "SELL",
        "p": 24.42,
        "q": 20.1654,
        "r": -7.56,
        "m": "🛑 STOP_LOSS alcanzado ($24.42 ≤ $24.42) PnL=-7.56"
      },
      {
        "t": "2025-11-03 19:45:00+00:00",
        "s": "BUY",
        "p": 24.735,
        "q": 20.2143,
        "r": 0.0,
        "m": "Technical Indicators"
      },
      {
        "t": "2025-11-04 15:45:00+00:00",
        "s": "SELL",
        "p": 24.615,
        "q": 20.2143,
        "r": -2.43,
        "m": "🔒 TRAILING_STOP alcanzado ($24.61 ≤ $24.62) PnL=-2.43"
      },
      {
        "t": "2025-11-05 19:40:00+00:00",
        "s": "BUY",
        "p": 24.61,
        "q": 20.3169,
        "r": 0.0,
        "m": "Technical Indicators"
      },
      {
        "t": "2025-11-06 18:20:00+00:00",
        "s": "SELL",
        "p": 24.71,
        "q": 20.3169,
        "r": 2.03,
        "m": "🔒 TRAILING_STOP alcanzado ($24.71 ≤ $24.71) PnL=+2.03"
      },
      {
        "t": "2025-11-11 16:20:00+00:00",
        "s": "BUY",
        "p": 24.785,
        "q": 20.1735,
        "r": 0.0,
        "m": "Technical Indicators"
      },
      {
        "t": "2025-11-12 14:40:00+00:00",
        "s": "SELL",
        "p": 25.5255,
        "q": 20.1735,
        "r": 14.94,
        "m": "🎯 TAKE_PROFIT alcanzado ($25.55 ≥ $25.53) PnL=+15.34"
      },
      {
        "t": "2025-11-12 15:10:00+00:00",
        "s": "BUY",
        "p": 25.52,
        "q": 19.5925,
        "r": 0.0,
        "m": "Technical Indicators"
      },
      {
        "t": "2025-11-13 14:50:00+00:00",
        "s": "SELL",
        "p": 26.28,
        "q": 19.5925,
        "r": 14.89,
        "m": "🎯 TAKE_PROFIT alcanzado ($26.30 ≥ $26.29) PnL=+15.28"
      },
      {
        "t": "2025-11-13 15:20:00+00:00",
        "s": "BUY",
        "p": 26.18,
        "q": 19.0985,
        "r": 0.0,
        "m": "Technical Indicators"
      },
      {
        "t": "2025-11-13 19:35:00+00:00",
        "s": "SELL",
        "p": 25.705,
        "q": 19.0985,
        "r": -9.07,
        "m": "🛑 STOP_LOSS alcanzado ($25.70 ≤ $25.79) PnL=-9.07"
      },
      {
        "t": "2025-11-13 20:05:00+00:00",
        "s": "BUY",
        "p": 25.895,
        "q": 19.3087,
        "r": 0.0,
        "m": "Technical Indicators"
      },
      {
        "t": "2025-11-14 14:30:00+00:00",
        "s": "SELL",
        "p": 25.429,
        "q": 19.3087,
        "r": -9.0,
        "m": "🛑 STOP_LOSS alcanzado ($25.43 ≤ $25.51) PnL=-9.00"
      },
      {
        "t": "2025-11-17 16:45:00+00:00",
        "s": "BUY",
        "p": 25.565,
        "q": 19.558,
        "r": 0.0,
        "m": "Technical Indicators"
      },
      {
        "t": "2025-11-17 20:05:00+00:00",
        "s": "SELL",
        "p": 25.13,
        "q": 19.558,
        "r": -8.51,
        "m": "🛑 STOP_LOSS alcanzado ($25.13 ≤ $25.18) PnL=-8.51"
      },
      {
        "t": "2025-11-18 18:30:00+00:00",
        "s": "BUY",
        "p": 25.46,
        "q": 19.6386,
        "r": 0.0,
        "m": "Technical Indicators"
      },
      {
        "t": "2025-11-19 16:20:00+00:00",
        "s": "SELL",
        "p": 25.04,
        "q": 19.6386,
        "r": -8.25,
        "m": "🛑 STOP_LOSS alcanzado ($25.04 ≤ $25.08) PnL=-8.25"
      },
      {
        "t": "2025-11-21 18:30:00+00:00",
        "s": "BUY",
        "p": 25.345,
        "q": 19.7278,
        "r": 0.0,
        "m": "Technical Indicators"
      },
      {
        "t": "2025-12-01 16:15:00+00:00",
        "s": "SELL",
        "p": 25.495,
        "q": 19.7278,
        "r": 2.96,
        "m": "🔒 TRAILING_STOP alcanzado ($25.50 ≤ $25.52) PnL=+2.96"
      },
      {
        "t": "2025-12-03 16:05:00+00:00",
        "s": "BUY",
        "p": 25.59,
        "q": 19.5389,
        "r": 0.0,
        "m": "Technical Indicators"
      },
      {
        "t": "2025-12-08 20:55:00+00:00",
        "s": "SELL",
        "p": 25.775,
        "q": 19.5389,
        "r": 3.61,
        "m": "🔒 TRAILING_STOP alcanzado ($25.77 ≤ $25.80) PnL=+3.61"
      },
      {
        "t": "2025-12-09 14:30:00+00:00",
        "s": "BUY",
        "p": 26.11,
        "q": 19.1498,
        "r": 0.0,
        "m": "Technical Indicators"
      },
      {
        "t": "2025-12-09 15:20:00+00:00",
        "s": "SELL",
        "p": 25.675,
        "q": 19.1498,
        "r": -8.33,
        "m": "🛑 STOP_LOSS alcanzado ($25.68 ≤ $25.72) PnL=-8.33"
      },
      {
        "t": "2025-12-10 20:30:00+00:00",
        "s": "BUY",
        "p": 25.775,
        "q": 19.3986,
        "r": 0.0,
        "m": "Technical Indicators"
      },
      {
        "t": "2025-12-15 19:55:00+00:00",
        "s": "SELL",
        "p": 26.53,
        "q": 19.3986,
        "r": 14.65,
        "m": "🎯 TAKE_PROFIT alcanzado ($26.55 ≥ $26.55) PnL=+15.03"
      },
      {
        "t": "2025-12-15 20:20:00+00:00",
        "s": "BUY",
        "p": 26.535,
        "q": 18.843,
        "r": 0.0,
        "m": "Technical Indicators"
      },
      {
        "t": "2025-12-16 14:30:00+00:00",
        "s": "SELL",
        "p": 26.117,
        "q": 18.843,
        "r": -7.88,
        "m": "🛑 STOP_LOSS alcanzado ($26.12 ≤ $26.14) PnL=-7.88"
      },
      {
        "t": "2025-12-19 14:45:00+00:00",
        "s": "BUY",
        "p": 25.18,
        "q": 19.857,
        "r": 0.0,
        "m": "Technical Indicators"
      },
      {
        "t": "2025-12-23 16:05:00+00:00",
        "s": "SELL",
        "p": 25.06,
        "q": 19.857,
        "r": -2.38,
        "m": "🔒 TRAILING_STOP alcanzado ($25.06 ≤ $25.12) PnL=-2.38"
      },
      {
        "t": "2025-12-29 15:25:00+00:00",
        "s": "BUY",
        "p": 25.175,
        "q": 19.861,
        "r": 0.0,
        "m": "Technical Indicators"
      },
      {
        "t": "2026-01-06 14:40:00+00:00",
        "s": "SELL",
        "p": 25.92,
        "q": 19.861,
        "r": 14.8,
        "m": "🎯 TAKE_PROFIT alcanzado ($25.94 ≥ $25.93) PnL=+15.19"
      },
      {
        "t": "2026-01-06 15:55:00+00:00",
        "s": "BUY",
        "p": 25.715,
        "q": 19.4439,
        "r": 0.0,
        "m": "Technical Indicators"
      },
      {
        "t": "2026-01-07 18:05:00+00:00",
        "s": "SELL",
        "p": 25.325,
        "q": 19.4439,
        "r": -7.58,
        "m": "🛑 STOP_LOSS alcanzado ($25.32 ≤ $25.33) PnL=-7.58"
      },
      {
        "t": "2026-01-08 15:30:00+00:00",
        "s": "BUY",
        "p": 25.525,
        "q": 19.5886,
        "r": 0.0,
        "m": "Technical Indicators"
      },
      {
        "t": "2026-01-13 14:35:00+00:00",
        "s": "SELL",
        "p": 25.125,
        "q": 19.5886,
        "r": -7.84,
        "m": "🛑 STOP_LOSS alcanzado ($25.12 ≤ $25.14) PnL=-7.84"
      },
      {
        "t": "2026-01-14 15:40:00+00:00",
        "s": "BUY",
        "p": 25.285,
        "q": 19.7746,
        "r": 0.0,
        "m": "Technical Indicators"
      },
      {
        "t": "2026-01-15 14:40:00+00:00",
        "s": "SELL",
        "p": 25.3,
        "q": 19.7746,
        "r": 0.3,
        "m": "🔒 TRAILING_STOP alcanzado ($25.30 ≤ $25.31) PnL=+0.30"
      },
      {
        "t": "2026-01-15 15:50:00+00:00",
        "s": "BUY",
        "p": 25.47,
        "q": 19.6309,
        "r": 0.0,
        "m": "Technical Indicators"
      },
      {
        "t": "2026-01-20 14:30:00+00:00",
        "s": "SELL",
        "p": 25.1695,
        "q": 19.6309,
        "r": -5.9,
        "m": "🔒 TRAILING_STOP alcanzado ($25.17 ≤ $25.49) PnL=-5.90"
      },
      {
        "t": "2026-01-21 17:50:00+00:00",
        "s": "BUY",
        "p": 25.79,
        "q": 19.3874,
        "r": 0.0,
        "m": "Technical Indicators"
      },
      {
        "t": "2026-01-23 14:30:00+00:00",
        "s": "SELL",
        "p": 25.655,
        "q": 19.3874,
        "r": -2.62,
        "m": "🔒 TRAILING_STOP alcanzado ($25.66 ≤ $25.89) PnL=-2.62"
      },
      {
        "t": "2026-01-26 17:25:00+00:00",
        "s": "BUY",
        "p": 25.87,
        "q": 19.3274,
        "r": 0.0,
        "m": "Technical Indicators"
      },
      {
        "t": "2026-01-27 15:50:00+00:00",
        "s": "SELL",
        "p": 26.63,
        "q": 19.3274,
        "r": 14.69,
        "m": "🎯 TAKE_PROFIT alcanzado ($26.65 ≥ $26.65) PnL=+15.08"
      },
      {
        "t": "2026-01-27 17:00:00+00:00",
        "s": "BUY",
        "p": 26.63,
        "q": 18.7758,
        "r": 0.0,
        "m": "Technical Indicators"
      },
      {
        "t": "2026-01-28 14:55:00+00:00",
        "s": "SELL",
        "p": 26.17,
        "q": 18.7758,
        "r": -8.64,
        "m": "🛑 STOP_LOSS alcanzado ($26.17 ≤ $26.23) PnL=-8.64"
      },
      {
        "t": "2026-01-29 17:45:00+00:00",
        "s": "BUY",
        "p": 26.115,
        "q": 19.1461,
        "r": 0.0,
        "m": "Technical Indicators"
      },
      {
        "t": "2026-02-03 14:30:00+00:00",
        "s": "SELL",
        "p": 25.5675,
        "q": 19.1461,
        "r": -10.48,
        "m": "🔒 TRAILING_STOP alcanzado ($25.57 ≤ $26.24) PnL=-10.48"
      },
      {
        "t": "2026-02-04 17:25:00+00:00",
        "s": "BUY",
        "p": 26.675,
        "q": 18.7441,
        "r": 0.0,
        "m": "Technical Indicators"
      },
      {
        "t": "2026-02-05 20:15:00+00:00",
        "s": "SELL",
        "p": 26.725,
        "q": 18.7441,
        "r": 0.94,
        "m": "🔒 TRAILING_STOP alcanzado ($26.73 ≤ $26.73) PnL=+0.94"
      },
      {
        "t": "2026-02-06 14:30:00+00:00",
        "s": "BUY",
        "p": 26.9785,
        "q": 18.5333,
        "r": 0.0,
        "m": "Technical Indicators"
      },
      {
        "t": "2026-02-09 16:45:00+00:00",
        "s": "SELL",
        "p": 26.815,
        "q": 18.5333,
        "r": -3.03,
        "m": "🔒 TRAILING_STOP alcanzado ($26.82 ≤ $26.82) PnL=-3.03"
      },
      {
        "t": "2026-02-09 18:00:00+00:00",
        "s": "BUY",
        "p": 27.01,
        "q": 18.5117,
        "r": 0.0,
        "m": "Technical Indicators"
      },
      {
        "t": "2026-02-11 16:30:00+00:00",
        "s": "SELL",
        "p": 27.81,
        "q": 18.5117,
        "r": 14.81,
        "m": "🎯 TAKE_PROFIT alcanzado ($27.83 ≥ $27.82) PnL=+15.18"
      },
      {
        "t": "2026-02-11 17:15:00+00:00",
        "s": "BUY",
        "p": 27.955,
        "q": 17.8859,
        "r": 0.0,
        "m": "Technical Indicators"
      },
      {
        "t": "2026-02-12 14:30:00+00:00",
        "s": "SELL",
        "p": 27.53,
        "q": 17.8859,
        "r": -7.6,
        "m": "🛑 STOP_LOSS alcanzado ($27.53 ≤ $27.54) PnL=-7.60"
      },
      {
        "t": "2026-02-12 15:15:00+00:00",
        "s": "BUY",
        "p": 27.685,
        "q": 18.0603,
        "r": 0.0,
        "m": "Technical Indicators"
      },
      {
        "t": "2026-02-17 18:10:00+00:00",
        "s": "SELL",
        "p": 27.21,
        "q": 18.0603,
        "r": -8.58,
        "m": "🛑 STOP_LOSS alcanzado ($27.21 ≤ $27.27) PnL=-8.58"
      },
      {
        "t": "2026-02-23 16:25:00+00:00",
        "s": "BUY",
        "p": 27.08,
        "q": 18.4638,
        "r": 0.0,
        "m": "Technical Indicators"
      },
      {
        "t": "2026-02-25 15:20:00+00:00",
        "s": "SELL",
        "p": 26.955,
        "q": 18.4638,
        "r": -2.31,
        "m": "🔒 TRAILING_STOP alcanzado ($26.95 ≤ $26.97) PnL=-2.31"
      },
      {
        "t": "2026-02-26 14:50:00+00:00",
        "s": "BUY",
        "p": 27.1,
        "q": 18.4502,
        "r": 0.0,
        "m": "Technical Indicators"
      },
      {
        "t": "2026-03-02 15:20:00+00:00",
        "s": "SELL",
        "p": 27.225,
        "q": 18.4502,
        "r": 2.31,
        "m": "🔒 TRAILING_STOP alcanzado ($27.23 ≤ $27.23) PnL=+2.31"
      },
      {
        "t": "2026-03-02 16:00:00+00:00",
        "s": "BUY",
        "p": 27.47,
        "q": 18.2017,
        "r": 0.0,
        "m": "Technical Indicators"
      },
      {
        "t": "2026-03-03 14:30:00+00:00",
        "s": "SELL",
        "p": 26.8175,
        "q": 18.2017,
        "r": -11.88,
        "m": "🛑 STOP_LOSS alcanzado ($26.82 ≤ $27.06) PnL=-11.88"
      },
      {
        "t": "2026-03-06 18:55:00+00:00",
        "s": "BUY",
        "p": 26.685,
        "q": 18.7371,
        "r": 0.0,
        "m": "Technical Indicators"
      },
      {
        "t": "2026-03-09 13:55:00+00:00",
        "s": "SELL",
        "p": 26.68,
        "q": 18.7371,
        "r": -0.09,
        "m": "🔒 TRAILING_STOP alcanzado ($26.68 ≤ $26.70) PnL=-0.09"
      },
      {
        "t": "2026-03-09 15:05:00+00:00",
        "s": "BUY",
        "p": 26.675,
        "q": 18.7441,
        "r": 0.0,
        "m": "Technical Indicators"
      },
      {
        "t": "2026-03-12 13:30:00+00:00",
        "s": "SELL",
        "p": 26.819,
        "q": 18.7441,
        "r": 2.7,
        "m": "🔒 TRAILING_STOP alcanzado ($26.82 ≤ $26.97) PnL=+2.70"
      },
      {
        "t": "2026-03-17 19:30:00+00:00",
        "s": "BUY",
        "p": 27.675,
        "q": 18.0668,
        "r": 0.0,
        "m": "Technical Indicators"
      },
      {
        "t": "2026-03-18 13:30:00+00:00",
        "s": "SELL",
        "p": 27.115,
        "q": 18.0668,
        "r": -10.12,
        "m": "🛑 STOP_LOSS alcanzado ($27.11 ≤ $27.26) PnL=-10.12"
      },
      {
        "t": "2026-03-18 14:40:00+00:00",
        "s": "BUY",
        "p": 27.185,
        "q": 18.3925,
        "r": 0.0,
        "m": "Technical Indicators"
      },
      {
        "t": "2026-03-20 14:05:00+00:00",
        "s": "SELL",
        "p": 27.18,
        "q": 18.3925,
        "r": -0.09,
        "m": "🔒 TRAILING_STOP alcanzado ($27.18 ≤ $27.25) PnL=-0.09"
      }
    ],
    "stage": "TRAINING",
    "freeze_learning": false
  },
  {
    "run_id": "PFE_1777261903",
    "symbol": "PFE",
    "sim_start_date": "",
    "sim_end_date": "",
    "launched_at": "",
    "finished_at": "2026-04-27 03:51",
    "pnl": -19.35,
    "pnl_gross": 352.97,
    "trades": 80,
    "win_rate": 42.5,
    "mode": "SIMULATED",
    "mastery_score": 90.9,
    "mastery_status": "VALIDANDO",
    "recommended_cash": 734.17,
    "actual_profit_factor": 1.15,
    "actual_max_drawdown": 93.67,
    "mastery_checklist": [
      "📈 Profit Factor: 1.1/1.4"
    ],
    "expectancy": -0.24,
    "efficiency": 0.0,
    "stability_score": 16.8,
    "equity_history": [
      0.0,
      1.15,
      16.27,
      18.73,
      32.89,
      46.89,
      61.78,
      78.95,
      92.75,
      108.44,
      122.42,
      138.08,
      141.84,
      155.75,
      160.16,
      175.29,
      189.55,
      224.06,
      229.33,
      231.66,
      232.82,
      246.88,
      260.89,
      262.98,
      265.72,
      279.49,
      293.41,
      307.22,
      307.29,
      321.22,
      322.66,
      324.3
    ],
    "trade_log": [],
    "stage": "TRAINING",
    "freeze_learning": false
  },
  {
    "run_id": "COIN_1777261501",
    "symbol": "COIN",
    "sim_start_date": "",
    "sim_end_date": "",
    "launched_at": "",
    "finished_at": "2026-04-27 03:45",
    "pnl": 31.17,
    "pnl_gross": 146.12,
    "trades": 20,
    "win_rate": 40.0,
    "mode": "SIMULATED",
    "mastery_score": 81.0,
    "mastery_status": "VALIDANDO",
    "recommended_cash": 631.23,
    "actual_profit_factor": 1.61,
    "actual_max_drawdown": 52.49,
    "mastery_checklist": [
      "📦 Muestras: 20/50 trades"
    ],
    "expectancy": 1.56,
    "efficiency": 21.3,
    "stability_score": 6.1,
    "equity_history": [
      0.0,
      18.48,
      33.42,
      49.1,
      53.25,
      67.32,
      81.78,
      97.41,
      139.23
    ],
    "trade_log": [
      {
        "t": "2023-08-23 16:10:00+00:00",
        "s": "BUY",
        "p": 76.972,
        "q": 6.4959,
        "r": 0.0,
        "m": "Technical Indicators"
      },
      {
        "t": "2023-08-24 13:30:00+00:00",
        "s": "SELL",
        "p": 75.8085,
        "q": 6.4959,
        "r": -7.56,
        "m": "🔒 TRAILING_STOP alcanzado ($75.81 ≤ $76.86) PnL=-7.56"
      },
      {
        "t": "2023-08-25 19:25:00+00:00",
        "s": "BUY",
        "p": 74.65,
        "q": 6.6979,
        "r": 0.0,
        "m": "Technical Indicators"
      },
      {
        "t": "2023-08-28 13:50:00+00:00",
        "s": "SELL",
        "p": 73.512,
        "q": 6.6979,
        "r": -7.62,
        "m": "🛑 STOP_LOSS alcanzado ($73.51 ≤ $73.53) PnL=-7.62"
      },
      {
        "t": "2023-09-06 18:35:00+00:00",
        "s": "BUY",
        "p": 79.02,
        "q": 6.3275,
        "r": 0.0,
        "m": "Technical Indicators"
      },
      {
        "t": "2023-09-07 13:30:00+00:00",
        "s": "SELL",
        "p": 75.6005,
        "q": 6.3275,
        "r": -21.64,
        "m": "🛑 STOP_LOSS alcanzado ($75.60 ≤ $77.83) PnL=-21.64"
      },
      {
        "t": "2023-09-07 18:40:00+00:00",
        "s": "BUY",
        "p": 81.3295,
        "q": 6.1478,
        "r": 0.0,
        "m": "Technical Indicators"
      },
      {
        "t": "2023-09-08 14:50:00+00:00",
        "s": "SELL",
        "p": 80.8075,
        "q": 6.1478,
        "r": -3.21,
        "m": "🔒 TRAILING_STOP alcanzado ($80.81 ≤ $81.18) PnL=-3.21"
      },
      {
        "t": "2023-09-11 19:20:00+00:00",
        "s": "BUY",
        "p": 81.4995,
        "q": 6.135,
        "r": 0.0,
        "m": "Technical Indicators"
      },
      {
        "t": "2023-09-12 13:45:00+00:00",
        "s": "SELL",
        "p": 84.6545,
        "q": 6.135,
        "r": 19.36,
        "m": "🎯 TAKE_PROFIT alcanzado ($84.67 ≥ $83.94) PnL=+19.48"
      },
      {
        "t": "2023-09-14 16:25:00+00:00",
        "s": "BUY",
        "p": 82.7655,
        "q": 6.0412,
        "r": 0.0,
        "m": "Technical Indicators"
      },
      {
        "t": "2023-09-15 13:45:00+00:00",
        "s": "SELL",
        "p": 81.4355,
        "q": 6.0412,
        "r": -8.03,
        "m": "🛑 STOP_LOSS alcanzado ($81.44 ≤ $81.52) PnL=-8.03"
      },
      {
        "t": "2023-09-28 18:05:00+00:00",
        "s": "BUY",
        "p": 76.0335,
        "q": 6.576,
        "r": 0.0,
        "m": "Technical Indicators"
      },
      {
        "t": "2023-09-28 18:45:00+00:00",
        "s": "SELL",
        "p": 74.5575,
        "q": 6.576,
        "r": -9.71,
        "m": "🛑 STOP_LOSS alcanzado ($74.56 ≤ $74.89) PnL=-9.71"
      },
      {
        "t": "2023-09-28 18:50:00+00:00",
        "s": "BUY",
        "p": 74.7,
        "q": 6.6934,
        "r": 0.0,
        "m": "Technical Indicators"
      },
      {
        "t": "2023-09-29 13:45:00+00:00",
        "s": "SELL",
        "p": 77.0635,
        "q": 6.6934,
        "r": 15.82,
        "m": "🎯 TAKE_PROFIT alcanzado ($77.08 ≥ $76.94) PnL=+15.95"
      },
      {
        "t": "2023-10-05 18:25:00+00:00",
        "s": "BUY",
        "p": 74.3,
        "q": 6.7295,
        "r": 0.0,
        "m": "Technical Indicators"
      },
      {
        "t": "2023-10-06 13:30:00+00:00",
        "s": "SELL",
        "p": 73.3735,
        "q": 6.7295,
        "r": -6.23,
        "m": "🔒 TRAILING_STOP alcanzado ($73.37 ≤ $74.13) PnL=-6.23"
      },
      {
        "t": "2023-10-09 19:25:00+00:00",
        "s": "BUY",
        "p": 79.39,
        "q": 6.298,
        "r": 0.0,
        "m": "Technical Indicators"
      },
      {
        "t": "2023-10-10 13:40:00+00:00",
        "s": "SELL",
        "p": 78.1725,
        "q": 6.298,
        "r": -7.67,
        "m": "🛑 STOP_LOSS alcanzado ($78.17 ≤ $78.20) PnL=-7.67"
      },
      {
        "t": "2023-10-10 17:15:00+00:00",
        "s": "BUY",
        "p": 79.13,
        "q": 6.3187,
        "r": 0.0,
        "m": "Technical Indicators"
      },
      {
        "t": "2023-10-11 13:45:00+00:00",
        "s": "SELL",
        "p": 78.6025,
        "q": 6.3187,
        "r": -3.33,
        "m": "🔒 TRAILING_STOP alcanzado ($78.60 ≤ $78.88) PnL=-3.33"
      },
      {
        "t": "2023-10-17 17:45:00+00:00",
        "s": "BUY",
        "p": 77.303,
        "q": 6.4681,
        "r": 0.0,
        "m": "Technical Indicators"
      },
      {
        "t": "2023-10-18 13:45:00+00:00",
        "s": "SELL",
        "p": 76.92,
        "q": 6.4681,
        "r": -2.48,
        "m": "🔒 TRAILING_STOP alcanzado ($76.92 ≤ $77.03) PnL=-2.48"
      },
      {
        "t": "2023-10-31 16:25:00+00:00",
        "s": "BUY",
        "p": 75.66,
        "q": 6.6085,
        "r": 0.0,
        "m": "Technical Indicators"
      },
      {
        "t": "2023-11-01 14:10:00+00:00",
        "s": "SELL",
        "p": 78.166,
        "q": 6.6085,
        "r": 16.56,
        "m": "🎯 TAKE_PROFIT alcanzado ($78.19 ≥ $77.93) PnL=+16.69"
      },
      {
        "t": "2023-11-06 19:15:00+00:00",
        "s": "BUY",
        "p": 85.33,
        "q": 5.8596,
        "r": 0.0,
        "m": "Technical Indicators"
      },
      {
        "t": "2023-11-07 14:30:00+00:00",
        "s": "SELL",
        "p": 84.766,
        "q": 5.8596,
        "r": -3.3,
        "m": "🔒 TRAILING_STOP alcanzado ($84.77 ≤ $85.49) PnL=-3.30"
      },
      {
        "t": "2023-11-09 20:45:00+00:00",
        "s": "BUY",
        "p": 92.915,
        "q": 3.7669,
        "r": 0.0,
        "m": "Technical Indicators"
      },
      {
        "t": "2023-11-10 15:05:00+00:00",
        "s": "SELL",
        "p": 94.2105,
        "q": 3.7669,
        "r": 4.88,
        "m": "🔒 TRAILING_STOP alcanzado ($94.21 ≤ $94.35) PnL=+4.88"
      },
      {
        "t": "2023-11-14 20:25:00+00:00",
        "s": "BUY",
        "p": 92.9205,
        "q": 5.3809,
        "r": 0.0,
        "m": "Technical Indicators"
      },
      {
        "t": "2023-11-15 14:55:00+00:00",
        "s": "SELL",
        "p": 95.6995,
        "q": 5.3809,
        "r": 14.95,
        "m": "🎯 TAKE_PROFIT alcanzado ($95.72 ≥ $95.71) PnL=+15.06"
      },
      {
        "t": "2023-11-16 14:30:00+00:00",
        "s": "BUY",
        "p": 97.586,
        "q": 5.1237,
        "r": 0.0,
        "m": "Technical Indicators"
      },
      {
        "t": "2023-11-16 14:40:00+00:00",
        "s": "SELL",
        "p": 95.664,
        "q": 5.1237,
        "r": -9.85,
        "m": "🛑 STOP_LOSS alcanzado ($95.66 ≤ $96.12) PnL=-9.85"
      },
      {
        "t": "2023-11-17 18:25:00+00:00",
        "s": "BUY",
        "p": 98.65,
        "q": 5.0684,
        "r": 0.0,
        "m": "Technical Indicators"
      },
      {
        "t": "2023-11-20 14:35:00+00:00",
        "s": "SELL",
        "p": 101.677,
        "q": 5.0684,
        "r": 15.34,
        "m": "🎯 TAKE_PROFIT alcanzado ($101.70 ≥ $101.61) PnL=+15.44"
      },
      {
        "t": "2023-11-22 18:15:00+00:00",
        "s": "BUY",
        "p": 107.822,
        "q": 4.6373,
        "r": 0.0,
        "m": "Technical Indicators"
      },
      {
        "t": "2023-11-24 14:55:00+00:00",
        "s": "SELL",
        "p": 111.3815,
        "q": 4.6373,
        "r": 16.51,
        "m": "🎯 TAKE_PROFIT alcanzado ($111.40 ≥ $111.06) PnL=+16.60"
      },
      {
        "t": "2023-11-27 14:30:00+00:00",
        "s": "BUY",
        "p": 113.128,
        "q": 4.4198,
        "r": 0.0,
        "m": "Technical Indicators"
      },
      {
        "t": "2023-11-27 15:00:00+00:00",
        "s": "SELL",
        "p": 117.484,
        "q": 4.4198,
        "r": 19.25,
        "m": "🎯 TAKE_PROFIT alcanzado ($117.50 ≥ $116.52) PnL=+19.34"
      },
      {
        "t": "2023-12-01 18:55:00+00:00",
        "s": "BUY",
        "p": 133.091,
        "q": 3.7568,
        "r": 0.0,
        "m": "Technical Indicators"
      },
      {
        "t": "2023-12-01 20:55:00+00:00",
        "s": "SELL",
        "p": 133.6815,
        "q": 3.7568,
        "r": 2.22,
        "m": "SIMULATION_END"
      }
    ],
    "stage": "TRAINING",
    "freeze_learning": false
  },
  {
    "run_id": "COIN_1777261501",
    "symbol": "COIN",
    "sim_start_date": "",
    "sim_end_date": "",
    "launched_at": "",
    "finished_at": "2026-04-27 03:45",
    "pnl": 39.44,
    "pnl_gross": 146.12,
    "trades": 20,
    "win_rate": 40.0,
    "mode": "SIMULATED",
    "mastery_score": 81.0,
    "mastery_status": "VALIDANDO",
    "recommended_cash": 631.23,
    "actual_profit_factor": 1.61,
    "actual_max_drawdown": 52.49,
    "mastery_checklist": [
      "📦 Muestras: 20/50 trades"
    ],
    "expectancy": 1.97,
    "efficiency": 27.0,
    "stability_score": 6.1,
    "equity_history": [
      0.0,
      18.48,
      33.42,
      49.1,
      53.25,
      67.32,
      81.78,
      97.41
    ],
    "trade_log": [],
    "stage": "TRAINING",
    "freeze_learning": false
  },
  {
    "run_id": "CVS_1777261461",
    "symbol": "CVS",
    "sim_start_date": "",
    "sim_end_date": "",
    "launched_at": "",
    "finished_at": "2026-04-27 03:44",
    "pnl": -0.01,
    "pnl_gross": 29.21,
    "trades": 5,
    "win_rate": 20.0,
    "mode": "SIMULATED",
    "mastery_score": 68.3,
    "mastery_status": "APRENDIENDO",
    "recommended_cash": 547.2,
    "actual_profit_factor": 1.25,
    "actual_max_drawdown": 18.88,
    "mastery_checklist": [
      "📦 Muestras: 5/50 trades",
      "📈 Profit Factor: 1.3/1.4"
    ],
    "expectancy": -0.0,
    "efficiency": 0.0,
    "stability_score": 1.2,
    "equity_history": [
      0.0,
